3076 5004
719 241 762 310 99

194 434 276 523 Peg.
300 431 377 500 899.
403 432 454 498 cit
476 431 535 505 cicc
561 439 702 514 συνεχεῖς
725 432 855 511 πληγὰς
886 431 1039 516 'excipior
1063 434 1113 501 ἐπὶ
1134 433 1226 502 nox.
1274 436 1333 498 Re·

132 541 233 627 ferre
245 541 352 626 pedem
374 539 458 625 apud
478 538 672 627 Dionysium
696 544 728 605 et
751 559 860 605 omnes
883 544 1061 607 constanter
1079 543 1197 609 dicitur
1218 544 1333 607 'ANA-

142 652 257 730 χονρεῖν
280 645 331 712 ἐπὶ
355 644 447 711 πίδοο.
492 645 603 731 Itaque
626 646 874 711 restituendum:
899 647 1102 728 ἈΝεχοίρονν
1126 647 1175 711 ἐπὶ
1200 645 1292 713 πίδοο.

192 885 272 975 Pag.
305 882 382 953 907.
417 883 468 950 τίν
503 885 644 963 βασιλέα
678 891 737 951 τῶν
773 885 928 965 πολεμίων
962 889 1224 955 ἀποκτείνειν
1260 888 1333 966 ὑμῖν

145 990 355 1072 ὑποδέχομαι,
387 1012 534 1077 perverse
563 1013 619 1078 pro
649 996 847 1067 ἀποκτενεῖν,
880 993 964 1078 quod
986 1015 1088 1081 genus
1111 996 1202 1079 vitii,
1225 1000 1264 1060 ut
1286 998 1333 1061 vi·

146 1097 255 1177 detur,
275 1099 310 1163 in
327 1097 418 1164 libris
436 1099 552 1164 nostris
571 1119 695 1184 semper
713 1097 935 1164 emendabitur
954 1104 986 1165 et
998 1120 1122 1186 semper
1132 1102 1282 1166 retinebit
1323 1149 1331 1166 .

194 1339 275 1428 Peg.
309 1337 387 1404 909.
418 1336 597 1420 οῖπίκρυψοον
630 1338 662 1404 δὲ
691 1337 785 1418 μηδὲν
816 1345 874 1404 τῶν
897 1341 1026 1415 etates.
1051 1343 1181 1407 annotat
1204 1339 1332 1404 Editor:

148 1445 338 1525 „decapite
365 1444 446 1509 libri.
472 1445 600 1509 corresit
618 1445 812 1530 sentence?
846 1445 935 1511 Alias
953 1465 1002 1510 rcs
1022 1445 1137 1533 agebat
1155 1444 1334 1531 Stephanus

146 1572 249 1636 neque
283 1552 361 1616 eatis
393 1549 453 1615 hoc
489 1551 557 1637 egit
587 1550 768 1639 Kiessling,
804 1553 860 1637 qui
893 1571 949 1636 pro
978 1552 1145 1617 senissima
1177 1552 1333 1617 librorum

146 1660 303 1742 scriptura
334 1656 555 1721 soloecismum
587 1658 786 1722 invexerunt.
832 1655 946 1743 Lysias
976 1677 1048 1745 pag.
1075 1656 1127 1724 93.
1153 1654 1208 1724 27.
1233 1657 1334 1739 ψεύσῃ

146 1764 180 1828 δὲ
204 1760 297 1840 μηδὲν
321 1760 409 1826 cintii
433 1759 540 1826 ποίντον
563 1763 683 1838 sinete
708 1761 793 1841 λέγε.
820 1767 851 1829 et
874 1765 945 1848 quis
968 1784 1030 1829 non
1053 1766 1099 1830 ite
1121 1762 1274 1831 Veterum
1300 1770 1332 1831 et

145 1863 381 1935 recentiorum?

193 2094 324 2163 Mucius
346 2093 497 2162 Scaevola
519 2093 560 2160 ad
582 2093 755 2160 Personam
779 2097 825 2161 ita
850 2095 928 2162 dicit
950 2117 1025 2185 pag.
1050 2096 1124 2162 911.
1151 2098 1257 2164 πολλοὶ
1278 2098 1330 2165 κοί

146 2198 261 2280 circini
286 2202 339 2275 πίον
363 2200 461 2275 ciria
483 2224 534 2279 μον
559 2197 682 2277 ritune
705 2197 819 2275 ἕξουσιν
834 2239 875 2251 -
890 2198 927 2266 ὧν
947 2204 972 2266 εί
993 2202 1049 2267 κονί
1068 2226 1113 2274 τος
1133 2204 1178 2281 μὴ
1198 2205 1331 2283 οὶμείνονν

146 2309 232 2390 rixa
262 2307 414 2390 χρήοεποον
445 2315 501 2382 πῆς
532 2307 620 2384 ἐμῆς.
667 2304 816 2371 Feliciter
842 2306 916 2372 hino
940 2310 1023 2372 eruit
1045 2307 1202 2375 Sintenie:
1227 2306 1265 2375 ὧν
1289 2306 1332 2383 είς
1419 2368 1422 2375 .

146 2411 188 2495 γί
217 2438 274 2486 τις.
322 2412 358 2477 Si
387 2416 548 2498 praeterea
574 2408 618 2490 μή
643 2412 847 2495 expunxisset
871 2413 974 2476 omnis
997 2417 1079 2477 esset
1102 2414 1228 2480 sublata
1251 2414 1332 2480 diffi-

147 2519 268 2586 cultas:
292 2541 414 2607 qnorum
437 2541 514 2583 ονοονο
535 2517 646 2605 aliquia
661 2515 793 2602 felicior
817 2515 874 2580 erit
897 2538 982 2602 quum
1003 2537 1054 2600 ορο
1067 2517 1138 2602 fui.

190 2746 270 2834 Peg.
295 2742 372 2810 913.
396 2748 458 2817 πῶς
482 2745 643 2824 εὐπρεπεῖς
663 2742 844 2821 γενήσονται
865 2743 937 2822 πρὸς
956 2742 1068 2815 αὐτοὺς
1089 2744 1122 2808 ni
1140 2743 1329 2823 δοοολλοογοοί.

143 2851 282 2917 Urbinas
304 2851 338 2917 οῖ
363 2847 538 2928 &enataret
562 2849 634 2928 πρὸς
660 2850 780 2920 αὐτοὺς.
829 2848 930 2915 Verus
953 2854 985 2916 et
1007 2847 1146 2917 Graecus
1167 2850 1243 2917 ordo
1262 2872 1332 2918 ver·

143 2958 259 3024 borum
283 2961 330 3022 eet
353 2957 386 3023 οἱ
411 2955 483 3037 πρὸς
507 2957 619 3028 αὐτοὺς
643 2952 830 3034 δονολλοογοοί.

131 3224 134 3229 -
190 3183 270 3270 Pag.
307 3179 383 3246 915.
426 3179 476 3247 ἵνοο
512 3180 623 3259 μίνωον
659 3182 801 3258 Ῥωμαῖον
838 3188 998 3262 Τυρρηνοῖς
1032 3182 1198 3263 βεβοίΩΟ
1230 3186 1328 3267 φίλον.

143 3288 236 3353 Libri
258 3287 404 3367 βέβαιον,
430 3286 514 3372 quod
538 3308 594 3352 cur
616 3290 760 3352 mutetur
779 3286 904 3352 nullam
924 3296 1052 3353 causam
1070 3293 1199 3375 reperio.
1238 3291 1330 3365 Φίλος

143 3393 276 3473 βίβονος
300 3399 332 3458 et
356 3393 465 3473 ε’ροοςὴς
488 3391 619 3470 βέβονος
644 3395 676 3456 et
700 3393 772 3457 sim.
798 3395 918 3477 passim
939 3394 1107 3482 leguntur,
1128 3400 1165 3460 ut
1183 3399 1218 3462 in
1235 3398 1330 3484 Apol·

142 3500 246 3568 lodori
265 3501 401 3586 Hecyra:

370 3603 493 3682 ὀλίγοις
517 3602 626 3684 ἕροοςῒος
650 3601 754 3683 γέγον’
779 3603 964 3685 ἓπονίροινονν,
991 3605 1093 3688 Σύροι,

372 3709 514 3789 βέβαιος.

143 3817 227 3903 quod
249 3814 416 3882 Terentius
439 3817 484 3880 sic
507 3815 620 3882 Latine
643 3817 754 3884 vertit:

370 3921 435 3986 Per
455 3923 508 4002 ροί
528 3944 613 4006 quom
628 3945 743 4006 ρονοοο
765 3923 896 4005 reperias
918 3923 1119 3990 meretricibus

363 4028 474 4109 fideles
497 4028 613 4091 evenire
635 4036 795 4104 amotores,
819 4029 902 4114 δρνο.

189 4131 374 4217 Apollodori
395 4130 484 4197 locus
507 4134 540 4195 in
563 4131 680 4198 Donati
703 4133 795 4198 libris
819 4136 864 4199 sic
887 4136 1023 4220 scriptus
1048 4139 1112 4200 est:

208 4242 1266 4314 nnnAchPnSTHcREuONHNeTHRAICCIPArrlssAmC.

189 4342 381 4409 Emendavit
403 4343 576 4410 Bentleius.
