3076 5004
734 300 800 369 225

172 493 249 561 satis
271 495 338 561 erat
360 492 564 560 Fidenatium
586 493 745 581 principes
765 494 864 561 semel
886 494 988 559 securi
1010 494 1153 580 percuti,
1176 492 1231 560 sed
1252 493 1356 560 Acce·

172 600 246 665 tieem
269 599 473 686 scriptoribus
496 598 590 666 aliter
610 601 734 679 visum,

421 702 541 784 χσῦσιιι
567 704 631 777 oete
652 706 794 787 βρσιχεῑσι
818 707 965 784 γίγνεσιιι
989 704 1108 787 scepei.

217 811 325 877 Multo
356 814 454 877 etiam
483 811 632 877 disertius
654 816 686 878 et
707 812 835 897 planius
857 814 896 879 de
920 813 1030 879 eadem
1053 835 1087 879 re
1109 814 1220 879 scribit
1243 812 1356 879 Livius

172 918 273 984 nobili
295 918 365 984 loco
389 915 472 982 VIII.
497 915 550 980 40.
590 916 732 982 Ve'te'etem
752 919 918 983 memoriam
931 920 1117 1005 funebribus
1133 919 1273 983 haedibus
1290 941 1357 983 reor

164 1025 322 1111 febrisque
353 1024 513 1105 imeqe‘eeem
541 1023 640 1087 sicem
670 1026 740 1088 dem
753 1026 885 1110 familie
908 1027 950 1089 ed
970 1049 1002 1090 ee
1023 1048 1156 1112 peneque
1167 1027 1289 1111 famem
1311 1048 1357 1090 re-

173 1154 238 1196 mem
264 1137 413 1212 eceteram
442 1131 639 1215 honoremque
659 1131 798 1216 fallente
826 1132 975 1196 mmdece'o
1002 1133 1136 1199 trahent.
1181 1133 1359 1197 Indeserta

173 1245 201 1303 et
221 1238 404 1319 σι’σνριιίσνιινι
424 1242 508 1318 paee
529 1242 558 1300 et
576 1237 696 1320 publiea
719 1245 903 1302 momumento
925 1260 1023 1302 rerme
1045 1240 1182 1324 confuse.
1205 1261 1259 1302 mec
1277 1237 1358 1324 qm's·

173 1367 260 1431 quem
282 1344 416 1428 aequetis
439 1341 614 1425 temporibus
632 1342 699 1407 itm
716 1343 842 1427 scriptor
860 1351 957 1408 emetat
972 1366 1029 1428 quo
1048 1343 1124 1407 aetia
1143 1351 1220 1408 certo
1239 1351 1359 1410 sectore

172 1458 274 1517 etatae.
323 1446 471 1516 Contenti
502 1454 577 1513 sunt
600 1450 703 1536 igitur
725 1449 861 1515 Annales
884 1452 1008 1516 vitiatis
1030 1451 1178 1538 gentium
1201 1449 1358 1516 nobilissi-

172 1577 300 1622 marum
330 1555 564 1622 commentariis
586 1552 885 1640 laudationibusque
907 1560 939 1620 et
963 1554 1051 1621 falsis
1073 1557 1255 1644 imaginum
1280 1558 1357 1622 titu-

172 1663 229 1747 lis,
255 1667 287 1729 et
309 1659 463 1746 quidquid
486 1661 634 1746 antiquae
657 1667 768 1748 gentes
790 1660 920 1727 fallente
943 1662 1108 1727 mendacio
1132 1662 1171 1728 ad
1194 1684 1227 1728 se
1247 1666 1358 1728 traxis-

173 1775 243 1834 sent
270 1770 304 1833 in
333 1769 467 1832 Accolae
487 1769 534 1832 ita
558 1771 606 1832 eat
628 1770 791 1851 receptum
814 1770 850 1829 ut
873 1771 905 1832 et
928 1767 1033 1833 multa
1056 1770 1278 1835 commenticia
1300 1789 1357 1856 pro

173 1878 255 1942 veris
282 1874 456 1939 memoriae
483 1872 690 1958 proderentur
720 1878 752 1937 et
782 1873 913 1939 obscura
939 1895 1045 1939 rerum
1066 1879 1230 1962 gestarum
1252 1876 1355 1953 fama,

170 2005 258 2068 quom
276 1979 408 2066 fomitis
438 1980 480 2042 od
508 2001 539 2042 ee
568 2002 699 2065 quaeque
728 1980 880 2057 trahebat,
912 1984 951 2044 ui
980 1982 1128 2045 omnibus
1158 1983 1235 2046 satis
1269 1980 1357 2048 fieret

171 2084 365 2172 amplificata
387 2089 419 2150 et
442 2083 658 2169 multiplicata
680 2083 831 2150 historiae
850 2084 960 2152 locum
983 2086 1124 2152 obtinere
1148 2085 1318 2155 videretur.

218 2296 322 2378 Quam
345 2297 388 2361 sit
411 2294 585 2383 Dionysius
608 2294 647 2359 ab
670 2294 789 2360 iudicio
811 2293 957 2360 infirmus
980 2299 1011 2361 et
1036 2317 1132 2381 quam
1156 2297 1249 2364 anilis
1271 2303 1302 2365 in
1321 2322 1358 2368 eo

172 2403 269 2468 fuerit
301 2400 484 2487 superstitio
507 2401 627 2484 passim
650 2400 734 2465 inter
755 2400 928 2488 legendum
952 2407 1092 2488 apparet.
1142 2403 1248 2484 Quum
1273 2406 1360 2472 dedi-

172 2514 296 2575 caretur
315 2506 473 2572 Fortunae
492 2505 659 2571 muliebris
677 2505 902 2585 simulacrum,
923 2511 961 2572 ut
979 2508 1089 2574 scribit
1107 2529 1179 2597 pag.
1201 2509 1299 2577 1639.
1312 2534 1359 2600 sq.

175 2613 298 2693 θάτερον
319 2619 378 2677 σῶν
400 2609 624 2693 ἀφιδρυμάτων
648 2610 827 2692 ἐφθέγξαντο
847 2615 974 2696 γλώσσῃ
994 2615 1114 2698 Λιισίνρ
1134 2619 1237 2696 §trevie
1256 2619 1360 2686 εὐσύν-

173 2720 239 2786 ετόν
271 2743 306 2784 τε
338 2718 390 2783 eei
421 2715 735 2796 γεγωνόν-ἔπειτ’
767 2712 952 2790 αὖθις-ἕν
977 2722 1090 2803 μείζονι
1112 2728 1199 2804 <Decii
1223 2724 1257 2788 τὸ
1282 2727 1358 2793 αὐτὸ

172 2827 276 2904 ξόανον
308 2823 485 2906 ἐφθέγξαντο
517 2825 571 2898 τὴν
598 2825 695 2899 αὐτὴν
719 2822 803 2899 λέξιν
827 2823 884 2893 ὦσε
909 2826 1003 2903 μηδὲν
1026 2825 1071 2892 ἔτι
1097 2823 1174 2892 εἶναι
1197 2831 1231 2895 τὸ
1256 2833 1358 2915 ἀμφί·

171 2947 274 3012 λιγσν.
321 2931 348 2996 0
381 2931 545 2996 hominem
581 2927 752 3006 stolidum!
799 2931 933 2997 Nullam
965 2953 1031 2999 esse
1065 2953 1155 3019 posse
1189 2936 1227 3001 de
1259 2960 1296 3004 ea
1326 2963 1360 3009 re
1402 2977 1404 2981 ·

172 3039 417 3106 controversiam
450 3039 615 3122 opinatur,
639 3038 789 3122 quoniam
812 3038 847 3102 in
870 3038 1048 3122 Pontificem
1073 3040 1292 3108 Commentariis
1311 3048 1360 3113 ita

172 3148 327 3231 scriptum
357 3147 515 3228 repererat
543 3145 596 3227 (eie
620 3145 654 3208 et
679 3150 738 3208 τῶν
758 3143 944 3220 ἱεροφαντῶν
968 3142 1142 3226 περιέχουσι
1167 3152 1306 3235 γραφαί)
1328 3158 1361 3217 et

171 3250 353 3316 maledictis
383 3252 557 3314 insectatur
590 3248 727 3317 saniores
757 3248 969 3335 (Epicureos),
994 3253 1050 3335 qui
1072 3252 1149 3319 haee
1175 3258 1282 3322 omnia
1304 3279 1360 3344 pro

172 3357 404 3423 commenticiis
436 3359 468 3420 et
498 3357 676 3442 nugatoriis
706 3356 890 3421 reiiciebant
920 3362 952 3420 et
974 3356 1127 3423 ridebant.
1176 3359 1293 3446 Optare
1327 3384 1360 3432 se

172 3462 300 3528 scribit:
332 3469 395 3534 τοῖς
428 3463 587 3540 ὑπερορῶσι
619 3465 677 3525 τῶν
705 3464 840 3541 mareiae
864 3462 993 3540 ἐθισμῶν
1015 3463 1068 3528 νισι)
1091 3466 1217 3543 μηδενὸς
1243 3474 1359 3536 ποιοῦσι

171 3569 206 3633 τὸ
227 3565 378 3645 διιιριόνισν
398 3574 455 3632 τῶν
475 3566 663 3647 ὥνθρωπίνων
682 3575 840 3645 λογισμῶν
859 3568 955 3650 κύριον
975 3568 1100 3647 peterse
1119 3571 1177 3648 μὲν
1193 3574 1359 3644 eiecticiae

172 3674 290 3749 σσιύσνν
321 3675 376 3748 τὴν
406 3669 514 3750 δόξαν,
545 3673 571 3736 ei
603 3670 629 3734 δ’
661 3670 724 3756 (ἄρ’
753 3673 838 3760 add.)
862 3673 993 3747 σὶνιιὶσως
1019 3673 1142 3756 ἔχουσιν
1167 3676 1211 3743 ἔτι
1234 3685 1359 3756 μᾶλλον

173 3783 278 3852 criseis
303 3779 495 3858 ἀπέχθεσθαι
519 3778 572 3842 νισι)
597 3779 902 3859 κιικσδσιιμσνεςέρσυσ
927 3778 1013 3846 nicee.
1053 3782 1126 3848 Non
1148 3787 1256 3852 minus
1279 3794 1360 3856 atro·

172 3909 224 3955 ces
253 3886 402 3953 videmus
433 3905 500 3950 esse
531 3882 711 3950 Stoicorum
741 3887 804 3950 iras
834 3891 867 3951 et
898 3888 971 3954 odia
992 3891 1027 3953 in
1050 3909 1102 3955 eos
1125 3892 1181 3974 qui
1205 3913 1223 3957 a
1245 3915 1278 3959 se
1298 3896 1360 3962 dis·

173 3995 312 4061 sentiant
334 4012 430 4077 quam
453 3990 547 4056 hodie
572 3996 647 4056 sunt
669 3991 889 4056 fanaticorum.

218 4202 290 4267 Non
312 4203 420 4266 minus
444 4198 618 4264 absurdum
642 4202 689 4262 est
712 4197 796 4282 quod
820 4198 931 4263 scribit
954 4201 988 4265 in
1011 4201 1167 4288 Beeerpte‘e
1186 4228 1260 4296 pag.
1283 4206 1357 4276 190.

172 4307 289 4375 Kiessl.
322 4307 361 4372 de
390 4304 509 4371 Iunone
538 4303 662 4392 Regina
692 4302 779 4369 Veiis
809 4303 948 4370 Romam
971 4312 1116 4374 evocata:
1141 4313 1184 4384 eir
1203 4314 1235 4378 δέ
1258 4338 1305 4388 τις
1319 4354 1360 4368 ..

174 4414 236 4480 εἴτε
258 4412 344 4492 μετὰ
366 4412 493 4482 reatem
517 4410 570 4476 eei
595 4409 749 4489 γέλωτος,
775 4410 840 4476 sire
866 4412 965 4478 οἰωνοῦ
989 4410 1147 4495 δεόμενος,
1171 4419 1196 4483 ei
1218 4420 1361 4498 βούλοιτο

222 4531 291 4570 neos.
309 4530 370 4569 me
1185 4523 1217 4573 la
