3076 5004
728 264 769 330 19

148 473 225 540 pag.
253 451 328 516 553.
342 454 368 515 b.
394 453 436 522 είς
461 451 663 532 δεσμωτήριον
688 451 866 528 ἐμπεσόντα
890 453 1137 539 [βλαπτόμενον]
1168 452 1224 517 ὑπὸ
1248 471 1338 516 σνιιο·

149 565 288 639 φοιτῶν.
337 557 379 623 Et
401 559 479 622 haec
503 559 631 642 quidem
655 559 790 622 absurda
813 566 887 623 sunt
907 565 939 623 et
956 566 1062 645 aperte
1083 581 1157 624 cum
1179 559 1340 642 scriptoris

149 667 307 730 sententia
340 669 502 751 pugnant:
539 664 622 750 apud
656 663 848 751 Dionysium
885 666 1088 744 κρατούμενος
1126 665 1183 729 ὑπὸ
1216 664 1336 740 λύπης,

149 772 202 835 ὑπ’
234 770 385 850 αἰσχύνοι
416 791 479 835 non
510 775 557 835 est
587 770 761 835 absurdum
792 769 875 835 illud
906 771 1035 855 quidem
1059 770 1113 835 sed
1133 771 1338 855 participium

150 881 260 942 contra
290 873 481 941 Graecitatis
504 896 599 939 usum
623 876 756 941 moleste
780 875 909 940 additur
931 882 963 940 et
987 877 1051 941 fere
1074 879 1108 940 in
1132 875 1269 941 alienam
1293 895 1338 940 ss·

149 983 224 1047 dem
247 984 390 1067 irrepsit,
414 986 451 1046 ut
474 1002 547 1069 pag.
576 980 650 1045 148.
677 981 727 1044 ὑπ’
753 981 895 1058 οίνοίγκνς
920 987 1024 1045 ταῦτα
1049 982 1229 1059 βιασθέντες
1255 981 1338 1044 ἕτοι-

149 1093 259 1165 οῦμεν,
293 1108 355 1172 quo
378 1087 496 1152 indicio
520 1090 609 1151 tenui
631 1088 685 1152 sed
710 1095 794 1152 certo
819 1089 939 1172 optime
963 1086 1038 1152 illae
1061 1087 1187 1152 fraudes
1210 1088 1341 1153 investi·

150 1200 278 1282 gantur.
338 1194 476 1260 Accedat
517 1195 569 1258 his
604 1194 805 1259 luculentum
841 1192 956 1259 Galerii
990 1196 1212 1258 testimonium
1248 1191 1339 1257 Tom.

150 1300 252 1364 XVII.
280 1299 311 1364 1.
333 1321 407 1387 pag.
432 1299 497 1364 909
522 1301 573 1377 (cf.
600 1301 690 1365 Tam.
715 1300 800 1365 XVI.
822 1322 896 1387 pag.
921 1299 1013 1384 202).
1034 1302 1183 1379 Φαίνεται
1202 1300 1258 1375 μὲν
1278 1298 1340 1375 γὰρ

150 1409 190 1478 ὥς
221 1407 269 1470 ἐπ’
301 1405 445 1484 ἐξηγήσει
479 1407 678 1486 προσγραφέν
703 1406 760 1471 θπί
783 1431 860 1477 τινος
886 1401 969 1478 αὖθις
995 1406 1026 1470 δέ
1050 1408 1091 1477 είς
1116 1406 1270 1485 τοῦδαφος
1296 1403 1342 1489 (in

150 1513 274 1599 tectum)
301 1513 358 1577 ὑπὸ
382 1518 434 1577 τοῦ
458 1511 695 1590 βιβλιογρθΦου
720 1515 967 1590 μετατεθεῖσθαι.

195 1618 288 1688 Nunc
310 1618 457 1711 Dionysii
480 1618 577 1688 libros
596 1639 705 1688 omnes
725 1619 870 1710 deinceps
890 1618 1032 1714 relegam
1052 1624 1083 1687 et
1102 1638 1336 1711 recognoscam.

571 1836 614 1882 Ab
637 1836 760 1883 LIBRUM
783 1837 919 1885 PRIMUM.

197 1997 276 2086 Pag.
312 1996 341 2061 1.
374 2021 444 2068 τους
477 1998 541 2060 sict
528 1995 618 2068 θίτας
651 1999 846 2062 ἀποδίδοσθαι
875 2009 939 2071 τοῖς
963 2000 1125 2079 προοιμίοις
1147 2008 1205 2065 τῶν
1229 2003 1342 2079 ίτοριῶν

154 2106 277 2183 λόγους.
326 2103 463 2189 Supple:
490 2104 545 2188 (ἐν)
572 2111 634 2174 τοῖς
659 2105 820 2183 apposni-m:
845 2114 902 2169 τῶν
927 2108 1095 2186 ίςοριιῖνοθ
1082 2106 1214 2172 tverba
1232 2107 1343 2172 eadem

152 2216 187 2277 in
210 2214 326 2277 vicinia
348 2209 433 2274 male
457 2212 557 2294 repeti
560 2215 648 2275 ttae
671 2232 799 2296 prorsus
819 2233 1051 2297 supervacanea
1070 2233 1230 2300 expungo:
1244 2211 1342 2289 ὥσπερ

155 2316 358 2392 Ἀναξιμεννς
390 2339 441 2378 και
475 2316 658 2394 Θεόπομπος
691 2320 735 2399 [.ν
721 2341 822 2387 ντοις
848 2319 1008 2398 προοιμίοις
1032 2325 1090 2384 τῶν
1113 2320 1277 2404 ίτοριῶν]’
1263 2320 1343 2384 ετοί·

154 2448 243 2496 οταν.
289 2422 397 2509 Negat
419 2425 505 2487 enim
529 2444 562 2487 se
586 2422 817 2509 Dionysiusin
840 2425 1034 2508 praefatione
1058 2427 1160 2508 operis
1183 2445 1219 2489 ea
1243 2425 1342 2490 factu-

152 2552 226 2595 rum
257 2549 336 2613 quae
366 2530 579 2593 Anaximenes
614 2535 646 2594 et
667 2529 891 2614 Theopompus
915 2530 1077 2604 fecissent,
1103 2550 1237 2613 quorum
1262 2530 1342 2595 alter

152 2638 294 2722 proprias
325 2634 436 2700 laudes
468 2634 669 2712 celebrasset,
701 2636 782 2700 alter
806 2636 877 2700 aliis
900 2636 1060 2700 historicis
1083 2633 1168 2699 malo
1191 2635 1340 2712 dixisset,

151 2763 288 2827 namque
319 2741 377 2805 illa
408 2744 442 2804 in
475 2762 584 2805 eorum
615 2741 865 2827 praefationibus
896 2745 999 2827 posita
1027 2741 1125 2806 fuisse
1148 2746 1180 2805 et
1203 2762 1251 2807 res
1272 2744 1342 2828 ipsa

153 2848 245 2914 docet
269 2853 301 2912 et
324 2846 471 2934 Dionysii
495 2851 651 2912 sententia
674 2847 849 2912 confirmat.

201 3029 264 3095 Pro
296 3025 496 3103 Ἀναξιμένης
521 3028 555 3089 in
580 3027 727 3092 omnibus
748 3027 840 3093 libris
863 3034 910 3094 est
935 3028 1132 3104 Ἀναξίλαος.
1179 3027 1273 3096 Certa
1296 3036 1344 3095 est

153 3136 351 3218 emendatio,
383 3134 438 3198 sed
466 3133 620 3198 undavit
572 3137 690 3198 vltium
713 3135 993 3199 manifestumt
944 3145 993 3199 ort
995 3158 1049 3200 um
1076 3139 1118 3201 sit
1141 3158 1251 3222 operae
1274 3158 1343 3221 pre-

152 3246 235 3308 tium
270 3248 317 3308 est
304 3241 468 3307 tridere
517 3240 691 3305 Manarunt
678 3247 796 3305 trost
798 3245 825 3305 ri
784 3241 991 3306 tOodices
1027 3264 1065 3306 ex
1100 3248 1154 3309 vet
1156 3249 1226 3308 usto
1194 3243 1342 3309 tiibro

151 3349 264 3414 multis
287 3348 365 3413 locis
388 3348 485 3411 dett
428 3352 556 3412 trttroo
575 3367 710 3431 perroso.
747 3344 917 3432 Supererat
935 3353 1114 3415 ΑΝΑΞΙΜ
1129 3349 1219 3425 W,
1239 3351 1343 3413 scriba

152 3457 214 3520 sibi
244 3453 511 3520 ’ANAEIAA**
543 3456 628 3518 visus
660 3457 708 3516 est
728 3453 837 3518 videre
861 3460 893 3517 et
919 3478 980 3524 -ος
1006 3455 1137 3519 addidit.
1187 3454 1343 3520 Luculen-

152 3567 224 3627 tum
256 3567 304 3626 est
334 3563 368 3624 in
400 3559 459 3623 hac
490 3580 523 3623 re
555 3561 777 3623 testimonium
812 3558 926 3624 Gabeni
950 3561 1041 3625 Tom.
1068 3561 1185 3626 XVIII.
1211 3562 1240 3625 2.
1267 3584 1341 3650 pag.

154 3666 230 3734 779.
265 3668 321 3730 ubi
352 3665 442 3731 docet
464 3663 562 3729 libros
585 3670 707 3729 veteres
730 3665 855 3730 mendis
878 3672 1016 3732 scatere:
1041 3668 1084 3731 τθι
1108 3669 1165 3742 μέν
1187 3673 1240 3732 τοῦ
1266 3669 1342 3749 γροί-

151 3779 270 3848 ψαντος
301 3774 388 3850 παροδ
421 3770 611 3849 γροίμματος
644 3771 704 3842 ἑνὸς
738 3773 754 3846 ἢ
788 3773 866 3835 δυοῖν
898 3774 1062 3852 οίφαίρεσιν
1094 3775 1110 3847 ἢ
1144 3775 1340 3851 πρθσθεσινίρ

152 3878 330 3956 ὑποίλλαξιν
355 3878 564 3957 ἁμαρτόντος,
590 3872 637 3941 οία
665 3880 770 3941 πολλοὶ
794 3880 976 3957 γράφουσιν.
992 3916 1029 3926 -
1046 3881 1115 3959 τινθι
1141 3879 1170 3943 δὲ
1191 3885 1244 3944 τοῦ
1263 3882 1342 3962 χοίρ-

151 4011 204 4051 τον
229 3987 370 4056 κοπέντος
397 3986 412 4058 ἢ
439 3983 523 4047 καποί
548 4008 618 4046 τινα
642 3981 743 4056 datar
767 3984 927 4063 περίςασιν
951 3986 1141 4062 οθπολομένον
1164 3994 1216 4052 τοῦ
1239 3990 1342 4068 γροίμ·

152 4117 252 4170 ματος
276 4094 292 4167 ἢ
319 4091 537 4170 συγχυθέντος,

196 4273 278 4360 Pag.
316 4271 345 4336 1.
380 4271 526 4350 -ίςορίας
557 4272 586 4333 έν
619 4265 668 4339 αίς
701 4269 893 4351 καθιδρῦσθαι
929 4273 984 4345 τὴν
1019 4271 1164 4346 οέλθθειαν
1200 4272 1341 4364 [ποίντες]

154 4377 428 4458 ὑπολαμβάνομεν.
467 4376 597 4464 Optime
619 4388 640 4440 B
666 4375 828 4465 (Urbinas)
852 4377 969 4449 τοίνσες
994 4381 1126 4443 omittit.
