3076 5004
716 214 865 356 ἰο

253 479 399 568 singulos
417 477 534 544 liberos
553 477 705 544 haberent
722 477 834 544 relicta
851 480 936 566 apud
953 483 1085 548 maritas
1103 480 1192 568 prole
1209 481 1442 569 proficisceren-

249 591 319 651 tur:
350 581 420 650 θσαι
450 583 482 648 δέ
509 583 653 649 πλειόνων
683 583 798 650 παίδων
820 581 1052 665 μντέρεςῆσαν
1075 588 1249 666 ἐπαίρεσθαι
1272 599 1381 671 μοῖραν
1406 589 1442 668 ἔξ

222 763 225 774 ,
249 696 348 760 αὐτῶν
372 687 444 765 θσκν
467 690 503 765 δή
527 712 609 758 τινα.
657 690 702 756 Ut
720 690 799 756 haec
822 691 886 758 diei
908 695 1030 779 possint
1052 716 1178 761 necesse
1201 699 1249 761 est
1271 697 1442 767 nonnullas

247 808 307 866 tres
336 799 511 862 minimum
541 796 658 862 liberos
688 797 854 875 habuisse,
888 801 963 882 quia
996 794 1068 873 όσνν
1100 799 1134 876 δθ
1166 825 1237 865 τινα
1268 811 1375 883 μοῖραν
1401 803 1441 869 de

246 910 359 972 θασθιισ
388 904 451 968 diei
479 905 601 988 nequit.
646 903 759 988 Itaque
782 902 868 968 lenta
892 904 1066 970 admodum
1090 903 1282 973 Sabinorum
1305 909 1345 975 ob
1368 930 1441 995 rap·

246 1019 296 1080 tas
325 1010 408 1077 filias
437 1011 487 1074 ira
516 1009 593 1088 suit,
627 1011 683 1094 qni
708 1011 743 1073 in
765 1011 886 1074 vicinia
909 1009 1108 1095 habitantes,
1131 1013 1215 1079 unde
1237 1013 1331 1081 ludos
1352 1037 1440 1101 spee-

245 1124 352 1186 tatnm
374 1125 544 1194 venerant,
568 1120 680 1201 quarto
703 1116 835 1181 demum
858 1136 939 1181 anno
961 1122 1033 1203 post
1056 1119 1190 1184 iniurias
1210 1140 1283 1186 snas
1307 1121 1440 1188 uleisce-

244 1229 372 1294 bantur.

290 1329 465 1416 Dionysius
497 1329 531 1397 in
559 1326 679 1394 talibus
705 1327 790 1393 nihil
814 1329 936 1416 cogitat
959 1334 992 1395 et
1010 1333 1176 1415 tamquam
1194 1333 1304 1418 ipsum
1322 1332 1438 1400 Seium

246 1439 378 1527 legisset
400 1455 469 1500 rem
492 1454 548 1521 pro
572 1436 750 1500 certissima
772 1444 888 1500 narrat.

292 1647 371 1733 Peg.
405 1642 481 1709 331.
514 1642 763 1723 προσπίπτουσαι
794 1651 856 1715 τοῖς
886 1642 1064 1710 οὶπιίντΩΝ
1089 1643 1223 1725 γόνασιν.
1270 1647 1342 1714 Ηοσ
1364 1651 1437 1735 qui·

246 1755 321 1819 dem
350 1750 419 1816 fieri
446 1768 509 1813 non
540 1768 630 1834 posse
661 1748 755 1814 facile
785 1749 1020 1838 intelligimus,
1046 1752 1100 1817 sed
1123 1760 1157 1817 αθ
1178 1754 1301 1839 quisque
1323 1757 1435 1820 οθσόσαι

246 1865 308 1925 erat
331 1859 432 1944 factm
454 1856 483 1919 σι’
506 1855 678 1919 σσοόιθσθσιιί
700 1857 743 1919 ad
759 1879 873 1938 ρσααα,
898 1866 960 1929 τοῖς
987 1858 1235 1925 ιίπαντιθνΤΩΝ
1258 1860 1396 1937 γόνασιν.

290 2068 370 2154 Psg.
404 2061 480 2130 335.
514 2061 656 2144 Οὐσίρρων
686 2065 717 2130 δέ
747 2063 904 2145 Τερέντιος
934 2068 1020 2131 τοῦτ’
1051 2068 1157 2139 αὐτοῖς
1189 2068 1224 2132 τό
1254 2067 1343 2148 μέρος
1374 2070 1436 2150 οθχ

247 2175 396 2254 όμολορεῖ
428 2170 617 2251 παλαίτερόν
650 2193 685 2234 τε
718 2169 819 2248 λέγων
851 2177 933 2237 ’elil
969 2180 1041 2246 ταῖς
1077 2174 1207 2253 κουρίαις
1238 2176 1360 2248 τεθῆναι
1391 2174 1434 2238 τθι

246 2278 397 2357 θνθματα.
432 2276 590 2345 Mendum
609 2278 710 2341 estin
731 2277 784 2341 ἐπί
791 2327 799 2354 ,
821 2280 872 2342 cui
892 2278 1002 2344 nullus
1020 2280 1073 2345 hie
1089 2279 1177 2345 locus
1194 2285 1249 2345 est.
1275 2280 1433 2346 Emenda:

246 2382 436 2464 παλαίτερον
466 2407 500 2448 τε
532 2382 632 2473 λέγων
659 2383 759 2447 ἜΤΙ.
806 2383 932 2450 Passim
968 2386 1052 2472 apud
1087 2384 1281 2474 Dionysium
1314 2385 1436 2474 legitur

244 2494 431 2571 παλαίτερον
453 2486 498 2554 ἔτι
521 2509 578 2575 pro
601 2493 706 2566 ααόσσ,
732 2487 882 2571 πρότερον.

288 2704 370 2791 Pag.
395 2697 475 2765 336.
500 2698 598 2763 τίκτει
622 2697 723 2763 παῖδα
746 2697 859 2764 Μόδιον
879 2699 974 2777 θνορια
1000 2701 1146 2778 Φαβίδιον
1166 2702 1336 2777 έπίκλνσιν.
1373 2702 1435 2769 Ve-

243 2833 317 2876 rum
338 2809 456 2875 vidisse
476 2806 611 2871 arbitror
628 2804 778 2884 Portum,
800 2805 856 2891 qui
876 2807 998 2872 ΜΕδιον
1011 2832 1067 2874 -’.
1105 2808 1202 2873 Φίδισν
1226 2811 1377 2899 coniecit,
1395 2815 1436 2876 ut

243 2913 450 2983 iurisiurandi
472 2911 610 2978 formula
635 2923 682 2978 ius
703 2924 779 2979 Dius
801 2921 908 2980 ninius
931 2912 1124 3001 Dionysium
1146 2913 1306 2980 fefellerit.

288 3125 371 3212 Peg.
407 3119 482 3189 337.
514 3121 565 3186 έπί
597 3126 650 3187 τοῦ
682 3119 842 3199 δαίμονος,
869 3121 905 3200 ἐξ
927 3118 961 3187 οὖ
983 3121 1127 3200 γενέσθαι
1154 3124 1193 3209 [ό]
1217 3123 1311 3203 λόγος
1329 3126 1434 3192 αὐτόν

244 3228 333 3313 εἶχε,
366 3228 500 3304 τοῦνομα
531 3238 567 3312 τῇ
597 3226 685 3292 πόλει
717 3226 850 3304 θέμενος.
897 3226 984 3293 Male
1014 3228 1188 3295 articulum
1211 3230 1333 3296 addidit
1355 3232 1435 3296 Am-

242 3340 377 3405 brosius.
436 3335 618 3400 Herodotea
649 3332 808 3398 locutione
841 3332 1016 3421 Dionysius
1051 3334 1175 3401 dixerat
1209 3334 1302 3413 λθρος
1337 3336 1434 3402 αιἰτδν

242 3440 311 3524 εἶχε
342 3463 398 3528 pro
429 3441 573 3524 ἐλέγετο,
606 3444 644 3504 ut
672 3459 744 3525 pag.
780 3437 856 3504 794.
889 3439 958 3504 ένθα
985 3439 1078 3519 λόγος
1103 3438 1172 3522 ἔχει
1197 3442 1305 3522 Κίρκην
1330 3465 1432 3508 κατοι-

241 3559 354 3626 κῆσαι,
379 3548 436 3613 ubi
458 3545 549 3612 Circe
572 3543 732 3610 habitasse
757 3544 880 3610 dicitur.

288 3739 368 3845 Pag.
402 3755 478 3821 340.
510 3775 549 3820 ex
578 3753 797 3820 Romanorum
828 3755 1005 3822 Annalibus
1033 3756 1072 3822 de
1094 3758 1218 3845 origine
1241 3756 1433 3826 Sabinarum

242 3871 349 3933 narra-t
370 3860 540 3928 fabellam:
565 3862 633 3925 καθ’
657 3857 688 3925 ὃν
711 3859 817 3941 χρόνον
840 3861 1043 3942 ἐπιτροπεύων
1068 3860 1203 3940 Εὔνομον
1226 3866 1278 3931 τόν
1301 3866 1433 3948 ἀδελφι-

242 3971 309 4038 δοῦν
333 3969 508 4045 Λυκοῦργος
534 3963 615 4030 έθετσ
640 3975 678 4046 τῇ
704 3966 835 4049 Σπόρτρ
855 3966 926 4038 τοὺς
946 3967 1053 4044 νόμους
1075 3969 1263 4048 ἀχθομένους
1284 3973 1371 4045 τινας
1391 3984 1431 4056 τῇ

241 4073 424 4153 σκλκρότκτι
449 4079 505 4146 τῆς
529 4073 705 4148 νομοθεσίας
722 4111 759 4121 -
774 4071 912 4153 οἴχεσθαι
937 4073 972 4138 τί
995 4073 1147 4154 παροίπαν
1169 4077 1202 4140 ἐκ
1223 4085 1279 4150 τῆς
1301 4080 1430 4152 πόλεως.

240 4183 305 4251 Din
329 4185 361 4245 et
384 4177 526 4242 multum
549 4200 715 4265 permane
737 4180 849 4244 iactati
873 4177 1058 4264 (φερόμενοι)
1083 4181 1212 4246 tandem
1237 4182 1276 4247 ad
1302 4204 1431 4270 campos

240 4288 427 4354 Pometinos
451 4285 641 4371 appulerunt
664 4291 697 4350 et
719 4285 830 4350 aedem
852 4290 1027 4370 posuerunt
1049 4284 1134 4369 Deae
1154 4288 1304 4372 Φορωνίρι,
1326 4281 1358 4362 ἣν
1380 4298 1431 4357 νῦν

243 4391 305 4467 ἑνός
328 4393 460 4478 όλλαγῇ
485 4393 677 4474 γριίμματος
703 4390 863 4476 Φερωνίαν
887 4396 1043 4458 καλοῦσιν.
1079 4393 1152 4460 Nisi
1174 4395 1209 4461 id
1229 4416 1287 4463 nos
1309 4396 1431 4487 Diony-
