3076 5004
660 242 724 318 ira

137 430 195 507 Sic
229 442 348 507 dieitur
378 442 420 506 νθο
449 440 500 507 δύο
524 441 598 522 μέρη
622 445 698 505 duae
713 449 819 525 partes
840 462 896 526 pro
918 448 951 529 ζ,
976 440 1104 525 quinque
1122 444 1225 523 partes
1247 432 1283 522 ξ,

88 570 195 611 κουσεν
214 556 316 630 paries
337 551 396 633 xis,
422 555 517 634 atque
540 551 587 613 ita
611 550 774 634 deinceps:
799 550 833 612 in
856 550 973 633 quibus
996 553 1028 611 et
1049 549 1128 631 ipsis
1150 543 1282 610 nonnul·

86 651 140 718 los
163 653 233 719 falli
254 656 359 721 rideo.

138 877 221 968 Pag.
249 879 349 945 1448.
374 880 480 945 πολλοὶ
504 881 535 945 δὲ
560 878 792 955 ἐναντιουμένων
814 884 872 944 πῶν
895 880 1072 959 πατρικίων.
1120 878 1173 944 Sic
1196 876 1283 942 libri.

88 983 265 1073 Kiessling.
301 987 341 1052 de
364 987 529 1052 Sint—onisii
553 988 733 1051 coniectura
756 987 861 1050 πολλοὶ
885 984 1148 1064 διεναντιουμένων
1172 984 1283 1049 edidit.

88 1091 279 1177 Perperam,
311 1113 386 1158 nam
413 1113 476 1157 non
500 1098 547 1156 est
571 1089 731 1157 Graecum
756 1093 1022 1156 ΔΙενιινσιοῦοθαι.
1071 1091 1149 1179 Leg.
1175 1088 1282 1155 πολλοὶ

89 1205 152 1261 ΔΗ
176 1198 421 1278 ἐναντιουμένων.

138 1438 216 1527 Pag.
246 1438 343 1503 1454.
368 1439 456 1503 οίλλθο
481 1448 543 1510 τοῖς
569 1440 722 1518 κρασίςοις
738 1431 834 1508 -οίς
859 1440 912 1502 οὐκ
936 1439 974 1502 θεν
994 1435 1188 1501 δικαιώσωσιν
1211 1434 1283 1516 (Ur-

86 1544 183 1610 binas
208 1546 344 1625 δικαίως)
371 1545 407 1616 ὡς
427 1546 722 1625 μεταβεβλημένοις
742 1545 795 1615 τὴν
817 1547 911 1617 Φύσιν
931 1546 1064 1609 οὶπιςείν.
1099 1542 1284 1609 Absurdum

72 1648 289 1717 ,δικαιώσωσιν
322 1674 360 1717 ex
392 1660 637 1717 ΔΙΚΑΙΩΟΩΕ
668 1658 781 1715 natum
813 1655 869 1714 est.
919 1650 1123 1737 Legendum:
1157 1642 1197 1720 οἷς
1231 1649 1284 1711 οὐκ

88 1754 133 1822 ἂν
158 1757 335 1831 δικαίως-
357 1759 559 1826 οίπιςοίεν.
585 1764 623 1822 ut
642 1779 716 1846 pag.
739 1752 898 1829 20111ιί
921 1760 973 1823 οὐκ
994 1756 1032 1822 θον
1050 1756 1173 1827 δικαίως
1194 1778 1285 1834 προσ-

88 1862 198 1943 έχοιτε
221 1864 317 1941 δήπου
341 1866 393 1929 τὸν
418 1868 493 1928 νοῦν.

137 2104 217 2193 Pag.
254 2102 352 2169 1460.
386 2107 401 2168 θ
433 2105 465 2170 δέ
495 2104 614 2177 ταμίας
647 2105 731 2170 αὐτοὶ
762 2104 932 2188 (praedam)
960 2106 1155 2184 παραλαβὼν
1179 2108 1284 2182 οίπεμ-

91 2220 217 2287 πολΕΙ,
252 2212 476 2298 corrigendum
508 2213 681 2294 ἀπεμπολᾷ
715 2232 753 2274 ex
784 2213 940 2275 constanti
969 2233 1030 2276 usu
1065 2211 1218 2277 Veterum
1255 2218 1287 2278 et

92 2337 204 2383 eorum
229 2320 285 2402 qui
308 2319 418 2382 cosin
441 2318 605 2381 scribendo
628 2319 808 2380 imitantur.

138 2544 218 2632 Pag.
244 2543 342 2609 1462.
368 2544 410 2609 πα
434 2544 540 2609 δίκαια
564 2544 615 2607 καὶ
648 2543 716 2630 [τα]
742 2543 851 2623 εὔορκα
877 2543 971 2608 δοκεῖν
992 2545 1166 2622 ἐγνωκέναι.
1203 2546 1284 2631 Spu·

96 2652 159 2715 rius
183 2656 232 2715 est
256 2651 336 2716 alter
357 2650 519 2716 articulus.
567 2650 695 2715 Dicitur
720 2653 736 2725 ἡ
761 2651 830 2715 ὁσία
857 2650 921 2735 (vel
941 2651 1086 2731 εὐσεβὴς)
1107 2652 1158 2716 καί
1179 2654 1285 2718 δικαία

99 2761 200 2836 ψῆφοι
227 2762 258 2821 et
280 2756 416 2832 similia,
442 2778 517 2821 nam
544 2759 571 2820 si
596 2758 648 2819 καί
674 2761 690 2832 ἡ
717 2758 823 2821 δικαία
847 2759 1004 2821 diceretur
1020 2759 1096 2821 θιιωσ
1113 2761 1286 2824 sententiae

99 2860 208 2928 ferent.
257 2862 357 2948 Saepe
394 2868 503 2927 tamen
537 2866 572 2926 in
606 2863 658 2927 his
692 2864 768 2929 libri
803 2869 943 2949 peccant.
992 2861 1040 2930 Of.
1082 2865 1152 2929 Ver.
1190 2865 1284 2928 lectt·

98 2986 166 3056 pag.
191 2966 267 3035 378.

138 3196 219 3283 Pag.
253 3194 349 3260 1463.
388 3194 765 3277 ὑπέσχετο-στρατιὰν
801 3195 926 3270 ἐξοίΓειν
962 3198 1093 3262 ἑκούσιον
1129 3197 1179 3261 ε’πὶ
1216 3197 1286 3270 τοὺς

99 3302 258 3377 πολεμίους
285 3301 336 3364 καὶ
361 3301 443 3376 δίκην
468 3304 623 3382 λήψεσθαι
649 3303 722 3380 παρ’
747 3304 857 3366 αὐτῶν.
905 3303 986 3368 Vera
1008 3303 1103 3367 lectio
1128 3307 1161 3369 in
1184 3306 1284 3369 omni·

99 3404 153 3472 bus
176 3407 270 3472 libris
293 3415 418 3472 servata
445 3415 493 3473 est
516 3407 619 3492 θιξειν,
644 3430 740 3494 quam
763 3409 884 3474 infelici
908 3411 1088 3474 coniectura
1110 3409 1285 3498 Kiessling.

98 3512 129 3577 in
152 3512 278 3591 έξιίγειν
302 3517 452 3579 mutavit.
498 3517 612 3593 ’Ἄγειν
637 3517 714 3579 satis
738 3520 785 3579 est
808 3518 884 3600 quia
907 3516 1035 3580 additur
1058 3516 1108 3579 ε’πί
1133 3516 1203 3586 τοὺς
1233 3542 1288 3582 πο-

96 3621 219 3699 λεμίους
255 3627 287 3685 et
321 3622 468 3686 futurum
504 3644 570 3688 esse
604 3625 816 3688 necessarium
850 3643 982 3707 sequens
1014 3623 1169 3701 λείψεσθαι
1209 3626 1287 3690 satis

97 3724 272 3793 confirmat.

140 3953 222 4039 Peg.
259 3951 356 4017 1464.
385 3952 596 4042 ἐνθυμηθέντες
621 3950 695 4018 θσων
720 3953 844 4030 οίγαθῶν
870 3953 974 4024 αὐτοῖς
999 3951 1065 4028 ἕξδν
1087 3939 1300 4035 μεταλαβεῖν.

98 4058 148 4123 διθι
180 4059 214 4123 τὸ
249 4057 427 4139 ςασιοίζΟΝ
457 4059 710 4133 ἀπεκωλύθησαν.
759 4056 885 4124 Clamat
910 4063 1066 4125 sententia
1084 4083 1198 4127 verum
1222 4085 1288 4128 esse

100 4163 148 4228 διδ
181 4164 214 4227 πθ
241 4165 441 4244 ςασιοίζΕΙΝ.
490 4165 554 4229 Suo
579 4169 661 4229 enim
688 4168 831 4250 ipsorum
854 4169 953 4243 vitio,
977 4188 1038 4253 nan
1063 4167 1183 4251 alieno,
1208 4169 1289 4234 hanc

100 4274 240 4355 opimam
271 4271 419 4354 praedam
452 4274 639 4349 amiserant,
674 4276 706 4335 ct
729 4273 756 4335 si
780 4271 829 4334 διδ
855 4273 889 4337 νδ
913 4272 1061 4354 ςασιιίζον
1083 4274 1204 4361 legitur
1227 4278 1290 4364 ipsi

99 4377 192 4464 culpa
215 4397 326 4445 vacare
349 4377 585 4466 intelliguntur.
