3076 5004
698 236 739 318 41

121 452 198 533 pag.
226 434 302 510 140.
328 442 400 526 τρδς
424 445 581 519 οῖνατολοῖς
606 442 834 524 τετραμμένος,
860 442 915 509 sed
937 443 1087 510 mendose
1110 464 1185 533 pag.
1214 430 1313 509 2114.

123 552 168 617 τοὶ
193 551 264 630 πρὸς
289 550 358 624 τοὺς
382 552 581 634 μαχομένους
606 550 834 633 ἘΕτραμμένκ
859 549 952 631 μέρν,
978 556 1011 616 et
1035 571 1127 636 saepe
1150 553 1184 616 in
1215 548 1315 615 simili
1348 612 1350 617 .

123 677 160 723 ra
183 657 269 722 idom
292 677 378 724 error
400 658 569 725 tollendus.

171 866 251 956 Peg.
276 865 352 932 248.
378 870 522 954 queritur
546 868 740 956 Dionysius,
764 870 860 935 homo
884 867 1056 933 admodum
1078 868 1317 953 superstitiosus

125 977 159 1040 et
189 972 353 1052 credulus,
382 973 420 1039 de
443 977 594 1060 auspiciis
616 975 772 1062 neglectis
795 982 851 1040 aut
872 974 949 1038 diceb
972 997 1076 1039 οαννεσ
1098 976 1210 1061 captis.
1247 973 1316 1038 Ma-

120 1080 280 1162 ρίεῖτσῖνννν
313 1081 554 1165 auspicantibus,
587 1083 709 1167 inquit,
742 1087 800 1146 τῶν
824 1080 978 1161 παρόντων
1002 1081 1081 1152 τινὲς
1104 1076 1316 1161 ὀρνιθοσκόπων

124 1186 232 1264 μισθὸν
268 1185 301 1251 ἐκ
336 1192 389 1252 τοῦ
424 1187 567 1264 δημοσίου
602 1187 762 1267 Φερδμενον
797 1185 953 1272 (φέροντες
989 1187 1136 1252 dicebant
1170 1183 1315 1272 Veteres)

126 1292 271 1373 οῖςρατὴν
301 1295 405 1367 αὐτοῖς
437 1302 638 1359 ΜΗΝΤΕΙΝ
671 1295 706 1358 ἐκ
736 1300 793 1359 τῶν
821 1295 962 1374 οῖρνςερῶν
985 1292 1066 1374 φασὶ
1091 1295 1147 1368 τὴν
1170 1294 1202 1359 οὐ
1227 1314 1316 1371 νενο·

125 1398 232 1479 μέννν.
278 1398 471 1466 Mendosum
494 1407 542 1466 est
564 1401 704 1480 μννύειν,
730 1405 762 1467 et
781 1402 939 1480 σημαίνειν
959 1422 1072 1468 verum
1092 1421 1160 1466 esse
1178 1399 1315 1467 videtur.

173 1609 251 1698 Peg.
285 1609 362 1676 256.
394 1608 452 1677 ὅσα
484 1621 580 1677 ΠΕΡΙ
613 1613 729 1677 ταιδων
761 1611 928 1692 τροῖττουσν
954 1609 1096 1691 πατέρες.
1144 1608 1317 1676 Tralatioia

125 1722 175 1783 est
198 1715 342 1783 confusio
363 1719 446 1783 inter
469 1719 537 1798 τερί
557 1724 589 1784 et
610 1717 703 1798 ὑπέρ,
726 1720 780 1786 sed
799 1740 860 1785 non
882 1724 930 1784 est
948 1739 1083 1805 usquam
1104 1718 1201 1783 dubia
1218 1719 1315 1801 optio.

125 1820 186 1888 set
209 1825 294 1887 enim
317 1822 438 1908 aliquid
460 1825 544 1890 inter
567 1824 604 1888 de
627 1829 659 1890 et
674 1847 751 1909 pro,
777 1831 809 1890 et
828 1826 914 1891 idem
934 1845 1060 1911 prorsus
1080 1823 1249 1890 discrimen
1270 1827 1318 1889 est

124 1931 212 1994 inter
235 1927 305 2008 τερῖ
326 1934 359 1994 et
382 1927 466 2010 ὑπέρ.

157 2134 253 2227 Peg.
287 2137 363 2206 257.
396 2139 465 2213 τοὺς
498 2140 528 2206 δὲ
553 2140 698 2214 τελοῖτας
721 2140 780 2207 ἔδει
804 2152 865 2216 τοῖς
891 2142 1006 2208 ἑαυτῶν
1030 2141 1199 2225 τροςοῖτανς
1223 2144 1317 2221 δορα·

123 2246 217 2326 τέρας
251 2245 517 2312 σννενδῖδοΕΘΑΙ.
564 2248 649 2314 Fieri
674 2255 779 2334 potest
802 2255 839 2314 ut
859 2248 1032 2336 Dionysius
1054 2250 1122 2333 ipse
1145 2249 1315 2326 erraverit,

104 2352 184 2434 ssd
215 2350 420 2417 συνεκδιδόναι
451 2355 485 2417 in
516 2352 575 2420 tali
602 2375 637 2419 re
668 2356 749 2419 ratio
780 2359 811 2419 et
842 2375 918 2419 usus
948 2353 1129 2440 postulant,
1160 2359 1198 2419 ut
1232 2354 1317 2439 apud

124 2458 262 2546 Lysiam
291 2479 365 2547 pag.
399 2458 474 2528 157.
511 2459 560 2525 18.
594 2467 652 2526 τῶν
682 2466 813 2525 τολιτοῖν
845 2461 924 2525 τοσῖν
956 2461 1099 2541 οῖτοροῦσν
1134 2460 1317 2538 συνεξέδωκε

125 2563 322 2644 θυγατέρας,
354 2571 386 2632 et
413 2567 498 2652 apud
521 2565 769 2632 Demosthenem
792 2587 866 2653 pag.
891 2564 969 2632 316.
995 2565 1025 2631 4.
1049 2565 1078 2631 εῖ
1099 2591 1160 2632 των
1185 2564 1317 2647 θυγατέ-

124 2694 182 2754 ρας
207 2671 414 2758 συνεξέδωκα,
439 2678 471 2738 et
495 2675 540 2738 sio
563 2672 641 2740 olibi
664 2677 850 2739 constanter.

174 2882 253 2971 Peg.
278 2880 357 2949 258.
385 2882 423 2949 de
446 2884 677 2949 necessitudine
700 2883 784 2950 inter
806 2889 954 2969 patronos
977 2889 1010 2949 et
1033 2882 1164 2949 clientes
1187 2883 1317 2948 scribit:

127 2989 142 3054 δ
175 2989 261 3067 syon
296 2990 383 3078 [ὑπὲρ
414 2995 469 3063 τῆς
502 2989 631 3078 εὐνοίας]
665 2990 736 3071 ὑπὲρ
761 2994 814 3055 τοῦ
837 2991 881 3067 μὶρ
906 2992 1067 3067 λειφθῆναι
1092 2997 1147 3066 τῖς
1172 2989 1318 3064 αλλήλων

127 3093 256 3175 χοῖροτος
289 3092 415 3169 ἔκτοπος
447 3096 551 3172 ἡλίκος
582 3095 770 3176 οῖμφοσέρονς
795 3093 838 3171 ἦν.
886 3095 1021 3183 Respuit
1044 3098 1232 3184 compositio
1256 3096 1319 3162 loci

128 3203 226 3270 verba
244 3204 361 3269 vitiose
384 3203 578 3268 abundantia
603 3202 675 3284 ὑπὲρ
699 3212 754 3279 τῆς
782 3203 909 3277 εὐνοίας.

175 3409 256 3501 Psg.
281 3411 358 3478 259.
382 3409 476 3486 οὕτως
499 3413 653 3493 ε’νκρατῖρς
678 3413 691 3478 ὅ
715 3413 783 3493 βίος
807 3409 841 3489 ἦν
865 3413 969 3485 αὐτοῖς
994 3412 1121 3489 οὶτοῖσνρς
1143 3413 1246 3489 ἡδονῆς
1269 3412 1321 3480 καῖ

131 3516 166 3582 rb
196 3518 347 3600 μακάρων
378 3520 472 3603 οῖρετρῖ
504 3526 638 3597 μετρεῖν,
669 3521 702 3584 οὐ
734 3519 828 3602 τύχρ.
875 3519 1012 3585 Urbinas
1047 3518 1156 3598 μέτρον
1193 3520 1322 3586 exhibet

131 3645 188 3712 pro
219 3632 346 3706 μετρῶν.
395 3625 514 3691 Verum
547 3631 595 3692 est
624 3625 775 3708 ἐμέτρουν.
824 3626 896 3692 Non
927 3629 1012 3692 enim
1036 3627 1050 3692 δ
1075 3626 1161 3711 βίος,
1183 3626 1237 3692 sed
1260 3628 1323 3712 ipsi

133 3730 168 3795 τδ
212 3730 361 3814 μακάρων
397 3733 490 3815 οῖρετῇ
527 3731 679 3814 ἐμέτρουν.
738 3730 855 3798 Subest
890 3733 1031 3798 imitatio
1065 3735 1225 3797 notissimi
1260 3732 1324 3798 loci

133 3837 217 3923 apud
239 3838 486 3904 Demosthenem
510 3840 547 3904 dc
572 3840 690 3905 Οονοκο
711 3859 785 3927 pag.
812 3835 886 3902 324.
914 3836 968 3902 24.
993 3836 1137 3919 οῖνθρωτον
1161 3838 1263 3919 μιαροὶ
1278 3877 1322 3888 -

133 3952 173 4026 τῇ
204 3944 298 4024 caepi
327 3950 508 4026 μετροῦντες
540 3944 592 4010 καὶ
623 3953 685 4016 τοῖς
715 3943 869 4025 αῖτχῖςονς
894 3947 950 4020 τὴν
973 3944 1180 4023 εὐδαιμονίαν.
1227 3944 1322 4010 Oom-

131 4070 209 4136 para
239 4049 348 4116 iocum
377 4050 524 4139 Dionysii
555 4074 630 4140 pag.
665 4050 743 4119 272.
767 4054 821 4126 τὴν
846 4052 1040 4130 εὐδαιμονίαν
1063 4052 1096 4117 οὐ
1121 4059 1191 4125 ταῖς
1217 4050 1324 4131 αῖσχῖ-

132 4180 202 4232 ταῖς
235 4162 394 4239 μετροῦσιν
428 4153 547 4235 ἡδοναῖς
577 4159 665 4225 ἄλλα
697 4161 738 4241 τῷ
771 4161 869 4240 καλῷ.
899 4164 931 4224 et
958 4179 1030 4247 pag.
1058 4156 1133 4224 958.
1160 4155 1187 4222 εῖ
1209 4181 1255 4230 τος
1278 4159 1322 4236 μὴ

132 4272 204 4335 ταῖς
236 4263 426 4338 ἐτονεοδῖςονς
461 4267 579 4342 ἡδοναῖς
611 4274 721 4347 μετρεῖ
749 4267 804 4342 τὴν
830 4266 1024 4345 εὐδαιμονίαν
1048 4265 1136 4332 ἀλλὰ
1159 4265 1201 4346 τῷ
1225 4267 1322 4348 καλῷ.

132 4374 164 4438 et
188 4391 261 4460 pag.
288 4371 385 4438 1009.
411 4380 450 4458 ab
475 4373 569 4456 ναςρῖ
596 4372 648 4438 καῖ
673 4380 742 4448 ταῖς
768 4373 931 4457 αῖσχῖσαος
956 4370 1102 4454 ἐζηκότας
1128 4371 1256 4449 ἡδοναῖς.
