3076 5004
789 286 853 354 142

225 478 259 559 ν’
292 478 330 548 διν
357 477 435 546 εἴποι
460 503 507 551 πις
531 477 594 557 ὅτι,
620 480 675 546 sed
698 479 891 547 consuetudo
913 478 1058 564 frequens
1082 476 1166 563 apud
1189 477 1331 561 Atticos,
1354 473 1417 541 irs·

226 591 371 672 quentior
401 590 497 653 etiam
532 588 617 672 apud
647 591 826 653 Atticorum
859 589 1036 651 imitatores
1070 603 1110 650 ex
1143 583 1347 668 praecedente
1381 581 1416 645 od

226 694 305 772 γορ,
331 697 363 758 οὐ
389 696 451 772 adp
475 694 528 766 δή.
555 697 588 758 οὐ
612 697 674 772 pain
699 693 794 768 idaco
818 697 866 762 ita
888 693 1051 777 suspendit
1074 713 1129 776 per
1152 690 1209 763 μέν
1232 695 1265 753 et
1285 687 1317 752 δέ
1337 687 1419 752 duas

224 802 454 885 propositiones
484 803 623 865 aientem
653 808 685 865 et
714 809 886 888 negantem
917 805 954 864 ut
979 803 1128 883 appareat
1151 795 1218 862 lieri
1241 815 1304 860 non
1326 814 1419 880 posse

225 911 263 971 ut
298 905 398 971 altera
433 926 507 971 vera
541 908 600 982 sit,
636 906 736 972 altera
773 927 836 971 non
871 908 925 971 sit.
982 903 1141 988 Exempla
1175 904 1294 987 passim
1326 899 1420 988 legas

226 1012 311 1098 apud
342 1009 588 1077 Demosthenem
619 1010 722 1078 veluti
751 1029 824 1100 pag.
856 1010 933 1077 229.
960 1009 1014 1075 20.
1040 1012 1072 1076 ni
1096 1009 1159 1087 γαρ
1185 1009 1280 1083 δήπου
1304 1016 1419 1080 Κονσι-

227 1125 335 1200 Φῶντα
368 1119 425 1195 μὲν
455 1119 584 1185 δύναται
612 1117 788 1184 διώκειν-δι’
812 1118 887 1194 ἐμέ,
914 1118 969 1193 ἐμὲ
992 1117 1023 1185 δὲ
1041 1115 1132 1193 ,εἴπερ
1156 1112 1331 1192 ἐξελέγξειν
1355 1110 1419 1178 ε’νδ-

226 1221 313 1305 μιζεν
348 1226 401 1290 οὐκ
437 1223 476 1288 οδν
511 1224 687 1304 ἐγράψατο.
751 1225 896 1291 Multum
931 1224 1008 1290 haec
1042 1225 1279 1308 compositionis
1313 1221 1420 1287 forma

225 1331 381 1417 Dionysio
411 1330 552 1416 placuit,
582 1331 639 1415 qui
668 1336 700 1396 et
729 1352 823 1416 saepe
854 1333 958 1395 utitur
987 1336 1021 1396 et
1043 1331 1226 1396 etiamnunc
1249 1348 1325 1394 usus
1342 1346 1420 1393 essa

226 1438 364 1504 videtur.

272 1541 441 1610 Praeterea
465 1564 611 1630 expungo
632 1543 806 1609 molestum
831 1541 920 1608 ὄντων
943 1545 977 1608 in
1002 1549 1059 1608 τῶν
1078 1541 1135 1621 μὲν
1155 1542 1276 1607 ἰδιωτῶν
1299 1537 1418 1626 [ὄντων]

226 1646 292 1727 οἷς,
324 1651 408 1736 quod
432 1651 562 1736 perinde
585 1652 740 1717 vitiosum
764 1656 812 1716 est
834 1672 871 1718 ac
894 1653 922 1716 si
944 1653 979 1716 in
1002 1670 1068 1736 sqq.
1095 1650 1167 1728 ἡμῖν
1191 1648 1222 1714 δὲ
1245 1644 1421 1727 δνμοὶρχοιο

227 1750 334 1843 [οὖσιν]
359 1758 493 1824 scribere
517 1758 588 1843 quis
611 1756 719 1834 vellet.

271 1966 350 2054 Pag.
386 1964 485 2031 1401.
516 1966 567 2031 tat
601 1970 690 2032 τοῦτο
715 1967 1051 2046 παρακινδυνεύσαντες
1078 1967 1155 2047 ’Ὑφ’
1180 1968 1251 2044 ὑμῖν
1274 1962 1421 2043 γενέσθαι

230 2071 373 2145 δικαςοοῖς
406 2070 527 2150 ἥκομεν.
573 2072 748 2160 Dionysius
774 2077 942 2159 scripserat
965 2077 1039 2154 ’ἐφ’
1064 2073 1153 2158 ὑμῖν,
1176 2071 1232 2138 sed
1253 2069 1337 2136 nihil
1358 2069 1423 2136 hac

226 2179 407 2245 confusione
430 2177 638 2264 frequentius.
688 2179 771 2261 Quid
794 2182 921 2246 intersit
944 2200 1039 2266 supra
1060 2180 1267 2246 ostendimus.

269 2388 352 2479 Peg.
388 2388 487 2456 1401.
519 2387 685 2469 οέξιοῦμεν,
710 2387 732 2456 ὦ
754 2391 870 2470 βουλή,
898 2393 980 2471 μήτε
1004 2398 1109 2457 πλεῖον
1134 2388 1219 2470 ἔχειν
1244 2389 1324 2467 ὑμῶν
1350 2387 1420 2473 [τὸν

225 2495 334 2580 δῆμον]
365 2496 446 2572 μήτε
476 2499 688 2584 μεῖον-[οἱ]
719 2499 853 2572 πολλοὺς
885 2499 937 2564 καὶ
969 2497 1130 2577 μενοίλους
1155 2492 1419 2576 ουνδιενεχκονπες

225 2604 298 2681 ὑμῖν
329 2600 483 2678 πολέμους
515 2603 566 2668 καὶ
585 2641 622 2652 -
639 2603 862 2682 ἕπιδειξοέμενοι
894 2606 947 2670 καὶ
963 2604 1262 2685 -παραπχδμενοι,
1319 2603 1422 2671 Reate

163 2710 165 2715 ’
224 2708 363 2775 Urbinas
397 2710 423 2774 oi
455 2711 596 2788 omittit,
630 2710 684 2776 sed
713 2718 874 2797 praeterea
904 2712 976 2779 luce
1006 2713 1123 2778 clarius
1156 2717 1204 2777 est
1237 2711 1289 2776 πδν
1323 2710 1421 2787 δῆμον

226 2816 327 2882 eximi
360 2819 512 2901 oportere.
557 2817 708 2903 ‘Apparet
741 2821 827 2884 enirn
859 2841 898 2884 ex
928 2818 1224 2897 πυνδοενενκονπθο,
1259 2818 1344 2904 quod
1378 2817 1421 2884 ad

224 2920 372 2999 αξιοῦμεν
396 2921 513 3008 (ἡμεῖς)
539 2923 692 3002 refertur3
719 2925 807 3001 ἡμεῖς
830 2945 945 3008 nempe
969 2926 994 2988 cl
1018 2925 1163 3001 δνμόπαι.
1205 2922 1421 2990 confirmatur

223 3048 262 3094 ex
293 3049 359 3114 sqq.
393 3025 469 3094 οὕτω
502 3027 528 3092 δ’
554 3027 592 3094 ἂν
628 3032 724 3107 ἡμῖν
757 3029 792 3094 οδ
816 3031 860 3107 μδ
884 3039 969 3106 μεῖον
993 3027 1076 3110 ἔχειν
1097 3036 1155 3095 πῶν
1179 3030 1418 3104 letalem-ci

224 3134 294 3208 τοὺς
319 3135 552 3217 ἐπιχειροῦντας
571 3138 613 3208 εἷς
637 3137 680 3202 re
701 3134 836 3213 σώματα
860 3138 956 3214 ἡμῶν
981 3137 1033 3200 καὶ
1050 3138 1105 3212 πὲρι
1124 3138 1294 3215 ἐλευθερίαν
1315 3159 1419 3213 παρα·

225 3249 326 3321 νομεῖν
356 3240 520 3318 κωλύοιτε,
553 3262 632 3327 quae
662 3241 700 3308 de
731 3249 793 3307 toto
809 3244 915 3327 plebe,
939 3263 1003 3309 non
1026 3244 1064 3310 de
1087 3244 1218 3309 tritonia
1241 3243 1305 3310 dici
1328 3262 1419 3328 aper·

224 3353 298 3416 tum
322 3353 381 3414 ast.

270 3560 431 3627 Tribunus
458 3559 568 3625 Plebis
598 3559 715 3624 Decius
745 3580 819 3646 pag.
846 3558 945 3625 1401.
969 3580 1117 3627 enarrans
1141 3580 1236 3645 qnam
1259 3559 1339 3625 bene
1362 3561 1418 3627 ho·
1474 3616 1477 3622 ,

223 3670 326 3734 mines
350 3667 389 3733 de
411 3665 503 3752 plebe
527 3665 566 3730 de
588 3686 623 3731 re
646 3664 791 3730 Romana
813 3669 923 3732 meriti
947 3671 1051 3732 essent
1073 3667 1120 3731 ita
1145 3665 1245 3731 dixit:
1270 3664 1418 3743 ἀξιοῦμεν

224 3776 305 3854 μήτε
340 3780 445 3838 πλεῖον
480 3769 564 3851 ἔχειν
600 3771 682 3848 ὑμῶν
717 3773 797 3848 μήτε
833 3782 976 3851 μεῖον-
996 3772 1129 3844 πολλοὺς
1166 3772 1218 3836 καὶ
1254 3772 1418 3850 μεχοὶλους

223 3876 493 3959 contrectandam
537 3877 609 3954 ὑμῖν
652 3876 806 3951 πολέμους
843 3879 895 3943 καὶ
933 3879 998 3957 περὶ
1035 3879 1089 3951 πῖον
1123 3879 1322 3957 ἀπαλλαγὴν
1357 3887 1417 3945 πῶν

223 3992 452 4054 ΠΟΛΕΜΩΝ
484 3983 614 4058 πλείςνν
646 3983 868 4062 ἐπιδειξάμενοι
900 3984 1067 4063 προθυμίαν
1096 3987 1149 4051 καὶ
1173 3991 1226 4051 ποῦ
1249 3986 1355 4063 μνδενδ
1381 3993 1417 4053 πὸ

224 4092 421 4169 κελευόμενον
447 4097 541 4155 ποιεῖν
562 4091 617 4165 τὴν
636 4089 725 4155 πόλιν
739 4125 780 4140 -
795 4092 848 4155 οὐκ
870 4077 1023 4170 ἕλἀχίςνν
1043 4099 1150 4170 μοῖραν
1169 4092 1416 4171 παρασχόμενοι.

224 4199 315 4281 Quod
343 4201 448 4284 primo
479 4202 510 4261 et
533 4199 628 4261 tertio
650 4197 719 4263 loco
744 4203 974 4263 commemorat
996 4197 1068 4263 luce
1093 4198 1210 4264 clarius
1234 4203 1297 4263 est:
1323 4203 1418 4264 mulia

222 4328 326 4386 νοοραοι
355 4304 432 4368 dello
463 4326 523 4366 οιαοι
553 4303 695 4367 nobiscum
721 4303 911 4384 ςοοιοοοιιο-
932 4311 960 4368 et
987 4328 1044 4388 pro
1075 4305 1213 4369 libertate
1225 4303 1360 4389 fortites·
1381 4329 1419 4370 oc

220 4419 340 4478 strenue
364 4415 581 4495 ραραουονιιοο,
614 4409 670 4475 sed
692 4409 785 4496 qquod
816 4411 960 4477 medium
993 4413 1083 4498 ponit
1113 4425 1241 4497 prorsus
1274 4409 1419 4500 intelligi
