3076 5004
800 247 864 313 162

284 439 399 504 Editur
422 442 519 505 etiam
542 460 627 504 nunc
650 459 814 523 perperam
837 439 891 503 οὐκ
915 434 969 503 ica
993 442 1025 501 et
1044 435 1163 520 passim
1182 435 1277 501 video
1294 438 1431 503 vitiosos

238 541 392 610 Codicum
416 551 563 611 accentus
587 567 626 610 er
646 545 806 610 veteribus
827 544 1020 610 editionibus
1040 564 1057 607 a
1075 541 1272 630 Kiesslingio
1290 545 1432 609 intactos

237 653 363 716 servari.
412 652 550 716 Librarii
579 655 703 718 veteres
733 653 767 714 in
797 672 861 715 una
883 656 1011 716 tantum
1034 671 1068 713 re
1091 669 1193 713 errare
1218 649 1331 715 solent.
1368 650 1432 714 Po-

236 761 318 820 nunt
349 762 495 823 accentus
525 778 583 823 suo
613 757 682 822 loco
715 758 774 840 (sic
803 759 890 820 enim
920 758 983 840 ipsi
1013 754 1237 842 loquebantur)
1269 757 1324 820 sed
1348 777 1433 841 quae

209 864 280 926 -sit
310 849 470 937 vocalium
502 866 679 948 ancipitum
713 865 874 947 quantitas
904 865 1060 927 nesciunt.
1108 862 1221 946 Itaque
1248 861 1432 942 διατρῖψαι,

237 970 442 1048 κεκήριίχίαι,
461 968 571 1049 δροίοαι
581 1017 589 1046 ,
609 968 777 1051 λελῦτίαι,
797 969 983 1052 ἀναρρῖψαι,
1003 966 1200 1048 ε’τιιιήρήξαι,
1219 975 1431 1059 τεριοτοῖοαι,

236 1075 392 1149 τείνοῖναι,
416 1073 591 1158 τνρομίξαι,
613 1076 802 1149 οὶνελαῦται,
824 1075 940 1139 κωλύον
959 1075 1033 1139 dare
1053 1074 1170 1140 solenti
1193 1080 1226 1139 et
1246 1075 1429 1155 Ἀντιάται,

236 1180 419 1264 Ἀρδεοίται,
453 1182 558 1262 ςίφος,
593 1181 692 1261 τείρα,
725 1181 894 1264 κονριοίτιν,
934 1181 1132 1257 ‘ornament
1166 1185 1197 1246 et
1228 1182 1432 1261 Ὀλνμτιοῖοι

238 1290 305 1374 (pro
335 1290 547 1373 Ὀλυμπίαισι)
574 1292 606 1352 et
630 1289 713 1364 sim„
739 1307 819 1371 quae
843 1290 951 1353 omnia
974 1287 1086 1352 Editor
1109 1289 1229 1353 intacta
1252 1289 1398 1375 reliquit.

281 1500 360 1588 Pag.
388 1499 486 1565 1585.
510 1497 563 1563 καῖ
588 1506 687 1576 γονεῖς
712 1496 834 1570 δούλους
859 1499 927 1560 ἀντ’
951 1497 1110 1576 ε’λενίὲρων
1134 1498 1184 1561 ἐπὶ
1210 1498 1308 1577 γήρως
1333 1501 1431 1569 ὀδΟΤ

238 1605 421 1685 γινομένους.
457 1605 646 1691 Lugendum
671 1603 767 1668 ίδΩΙ.
805 1603 953 1670 Manavit
977 1605 1017 1669 ab
1041 1603 1213 1670 Homerico
1237 1606 1286 1681 ἐντί
1311 1608 1432 1686 γήραος

237 1714 328 1793 οὐδῷ,
353 1715 436 1777 unde
458 1711 628 1798 Lycurgus
650 1713 685 1773 in
708 1710 809 1775 nobili
827 1710 912 1788 loco,
936 1732 1031 1795 quem
1053 1732 1149 1795 supra
1169 1711 1352 1790 attulimus,
1377 1715 1431 1779 ἒτῖ

238 1821 336 1899 γήρως
361 1819 414 1898 ὀδῷ
441 1820 557 1882 sumsit
578 1820 668 1900 isque
691 1816 845 1902 Dionysio
868 1817 946 1882 haec
970 1818 1120 1882 scribenti
1143 1819 1382 1884 obversabatur.

282 2031 364 2117 Peg.
398 2026 497 2091 1586.
528 2025 621 2105 μέχρι
657 2025 772 2097 παντὸς
803 2031 1047 2108 φιλοχωροῦντες
1073 2029 1133 2114 [ἐν]
1156 2037 1217 2100 τοῖς
1245 2031 1429 2111 οῖλλοτρίοις.

238 2136 380 2201 Verbum
403 2141 588 2216 φιλοχωρεῖν
612 2135 697 2218 apud
720 2133 913 2219 Dionysium
939 2137 1006 2198 sine
1030 2136 1261 2219 praepositione
1281 2157 1355 2201 cum
1377 2137 1432 2202 da·

238 2245 307 2308 tivo
335 2244 550 2327 componitur,
571 2240 778 2324 quamobrem
803 2261 886 2304 nunc
910 2261 1033 2324 quoque
1058 2242 1087 2304 ἕν
1111 2239 1345 2307 eliminandum
1370 2249 1430 2309 est.

238 2349 312 2414 vide
335 2370 410 2435 pag.
436 2345 488 2411 36.
509 2354 694 2426 φιλοχωρεῖν
715 2344 818 2425 ὅρετιν.
836 2367 908 2433 pag.
932 2344 1006 2411 87³³.
1027 2353 1243 2428 φιλοχωρῆσαι
1265 2351 1306 2428 τῷ
1329 2349 1429 2431 λόφῳ.

238 2476 311 2542 pag.
346 2451 424 2519 430.
457 2452 689 2534 φιλοχωρήσετε
717 2461 779 2522 τοῖς
804 2453 943 2530 πατρίοις
968 2454 1112 2531 ε’φεςίοις.
1136 2475 1208 2540 pag.
1235 2451 1312 2520 997.
1338 2460 1432 2535 φιλο-

238 2567 347 2642 χωρεῖν
381 2561 409 2623 ἐν
441 2565 503 2631 τοῖς
532 2559 720 2637 οίλλοτρίοιε,
747 2557 802 2622 sed
826 2560 992 2625 emendate
1013 2581 1087 2648 pag.
1115 2557 1214 2626 1614.
1240 2566 1431 2641 φιλοχωρεῖν

238 2675 300 2740 τοῖς
327 2665 509 2744 ἀλλοτρίοις.
556 2665 667 2749 Itaque
690 2666 896 2731 vehementer
920 2672 1104 2751 suspectum
1127 2672 1175 2733 est
1200 2667 1283 2750 quod
1307 2667 1432 2754 legitur

238 2793 311 2859 pag.
336 2770 434 2836 2184.
461 2772 514 2835 ἑοῖν
538 2773 749 2852 φιλοχωρῶτιν
775 2772 856 2856 [ἐπὶ]
882 2783 919 2856 τή
945 2772 1111 2855 παρανόμῳ
1137 2773 1294 2856 δνναςείρι.

283 2985 362 3069 Peg.
397 2981 494 3048 1586.
526 2984 580 3057 τήν
612 3008 646 3046 τε
678 2981 770 3064 χοίριν
803 2983 855 3046 καὶ
889 2991 947 3047 τῶν
980 2981 1084 3049 ι’ίλλων
1117 2986 1198 3062 ὑμῶν
1227 2982 1343 3074 [ἕνεκα]
1373 2988 1431 3062 τήν

238 3089 386 3170 ττρατιοὶν
411 3090 444 3152 ἐκ
467 3097 523 3163 τής
547 3088 651 3170 χώρας
675 3087 797 3163 οῖτοίξω.
836 3089 907 3153 Non
930 3091 1092 3156 intellexit
1111 3092 1226 3158 sciolus
1245 3100 1303 3158 τῖιν
1323 3091 1431 3159 οῖλλων

240 3199 320 3273 ὑμῶν
345 3217 383 3261 ex
406 3194 498 3274 χοίριν
521 3196 672 3280 pendere;
698 3196 806 3280 itaque
829 3194 944 3259 inutile
968 3191 1057 3260 ἕνεκα
1082 3198 1120 3261 de
1144 3220 1200 3264 suo
1225 3200 1357 3265 addidit.

282 3407 362 3495 Peg.
396 3403 492 3470 1587.
526 3404 686 3480 ἐπιβαλὼν
716 3404 746 3468 δὲ
770 3414 808 3484 τή
835 3405 1008 3484 καλουμένή
1031 3408 1192 3488 Λογγίλή.
1239 3411 1332 3475 Libri
1354 3427 1431 3489 λογ-

239 3513 330 3591 γνίδι,
361 3515 395 3576 in
427 3531 488 3595 quo
517 3510 597 3575 latet
630 3511 836 3587 ΛογγόΛΑΙ,
867 3532 1004 3595 namque
1040 3513 1157 3580 habent
1179 3516 1255 3581 haec
1278 3521 1431 3604 nomina,

237 3627 389 3704 utsupra
409 3616 620 3699 ostendimus,
642 3628 670 3681 A
690 3616 824 3705 longum
848 3626 902 3691 τῆς
919 3618 1068 3694 Ἄλβας,
1090 3621 1280 3706 Ἀντέμνας,
1303 3625 1432 3703 Λογγό-

238 3743 316 3802 λας,
340 3730 378 3789 ut
402 3724 504 3798 Γέλα,
531 3720 650 3805 Γέλας,
675 3723 769 3808 Γέλρο.

282 3935 361 4022 Pag.
385 3931 480 3996 1594.
502 3935 535 3996 αἱ
556 3934 587 3997 δὲ
608 3943 753 4009 γυναῖκες
770 3973 809 3981 -
833 3937 1141 4000 καταλείπονται
1166 3947 1220 4013 τής
1242 3939 1312 4005 οἴκοι
1334 3951 1430 4018 μονῆς

239 4040 273 4106 τὸ
293 4040 439 4120 εὐτρεπὲς
459 4037 537 4103 ἔθεον
556 4040 605 4103 ἐπὶ
625 4041 667 4104 τοῖ
685 4040 795 4116 τεμένη
815 4048 872 4104 τῶν
886 4043 972 4115 θεῶν,
993 4043 1166 4130 legendum
1183 4052 1429 4116 καταλιποῦσαι.

283 4254 364 4340 Peg.
401 4251 495 4317 1595.
528 4255 589 4335 οὐχ
612 4251 729 4324 ήτλων,
757 4249 872 4331 ἕφήτεν
897 4256 913 4328 ή
940 4255 1128 4332 Ὀυαλερία,
1154 4257 1207 4320 καὶ
1232 4265 1340 4337 χειρῶν
1367 4261 1431 4328 δεο-

240 4362 352 4440 μέΝΗ.
399 4359 468 4425 Imo
489 4381 564 4426 vero
588 4358 749 4436 δείμεΘΑ.
