3076 5004
680 261 747 333 205

124 456 452 546 [κακοῖς]111111111.
498 455 666 542 Expuneto
695 458 830 540 utroque
861 457 1078 523 additamento
1109 457 1232 544 reliqua
1255 478 1309 545 op·

120 567 198 630 time
213 563 402 649 procedunt:
422 564 525 629 1κεῑνα
540 561 598 639 μέν
616 566 691 627 sunt
707 561 750 626 τοὶ
767 562 867 629 sassi:
881 568 987 628 ταῦτα
1000 562 1031 628 δέ
1044 569 1154 631 eontra
1165 565 1306 643 τοὶναθοί.

163 775 243 864 Pag.
275 773 376 840 2186.
408 774 576 862 φιλοτιμία
607 773 676 847 κενὶη
703 773 758 848 riv
782 773 883 839 εἰκόνα
908 778 962 840 τοῦ
985 781 1083 841 καλοῦ
1108 779 1178 863 [τῆς
1204 776 1306 863 δόξης]

121 881 276 947 διώκουσα.
323 881 480 947 Additum
516 903 535 948 a
567 879 654 947 male
685 901 784 946 manu
815 888 871 957 τῆς
904 880 990 958 δόξης
1023 886 1214 950 sententiam
1246 883 1311 951 loei

121 1009 246 1074 prorsus
267 989 432 1074 pervertit.
760 993 763 998 '

164 1200 246 1286 Pag.
271 1195 371 1264 2189.
396 1199 569 1273 οὶτνίλασαν
593 1196 626 1263 δέ
649 1222 691 1276 με
715 1200 740 1263 υἱ
765 1199 809 1264 τοὶ
835 1200 944 1272 παῖδες
969 1201 1031 1265 atari
1055 1208 1114 1266 τῶν
1139 1204 1252 1270 οἰκείων
1276 1208 1309 1271 οὐ

122 1308 239 1385 σχολὴν
271 1303 361 1384 ιἰγειν
392 1329 427 1369 τε
459 1304 617 1381 λέγοντες.
664 1305 840 1371 Coniuncta
870 1308 1140 1382 111111ο1τήλασαν
1164 1312 1226 1376 ἀπὸ
1251 1318 1310 1377 τῶν

123 1411 252 1490 οἰκείων,
285 1412 340 1477 sed
370 1414 438 1477 sine
469 1432 573 1477 sensu.
624 1411 709 1500 Quid
732 1415 774 1477 111
797 1433 912 1480 verum
937 1415 1074 1479 ostendit
1094 1415 1184 1481 loeus
1206 1418 1241 1481 in
1263 1421 1311 1484 vi-

123 1519 205 1583 einia
226 1539 300 1606 pag.
326 1517 426 1584 2192.
450 1519 505 1593 τὴν
529 1518 625 1583 οἰκίαιν
648 1521 703 1592 τὴν
727 1518 806 1584 ἰδίαν
830 1518 996 1584 ἀπέκλεισέ
1019 1544 1091 1597 μοι,
1114 1522 1198 1587 unde
1215 1523 1310 1590 intel·

122 1623 237 1712 ligitur
259 1625 495 1691 rescribendum
519 1643 601 1691 esse:
625 1624 797 1700 αὶτιίλασιίν
820 1649 861 1704 με
885 1625 948 1690 etati
971 1636 1058 1692 THC
1082 1629 1209 1693 oixlAC.

167 1834 248 1924 Peg.
273 1834 373 1902 2189.
397 1835 449 1901 καὶ
474 1834 643 1914 βουλοίμην
666 1831 758 1908 οὕτως
782 1836 914 1910 τάληθὲς
936 1834 1031 1916 ἔχειν.
1069 1837 1215 1925 Optantis
1233 1841 1311 1908 haee

125 1944 223 2008 oratio
256 1948 322 2020 est,
353 1945 533 2029 perinepte,
564 1946 603 2007 ut
631 1941 731 2008 vides.
778 1939 898 2028 Supple
928 1943 979 2008 καὶ
1011 1943 1180 2024 βουλοίμην
1205 1942 1310 2035 CAN)

125 2045 216 2120 οὕτως
239 2046 378 2123 τάληθὲς
403 2047 497 2129 ἔχειν.

169 2154 327 2222 Similiter
349 2176 425 2243 pag.
451 2153 541 2221 2192
564 2154 754 2241 legendum:
778 2153 878 2219 οὐκέτι
899 2155 962 2235 γὰρ
983 2151 1089 2244 (ἊΝ)
1109 2158 1202 2223 αὐτὸν
1221 2160 1312 2239 ὀρθοῖς

124 2259 244 2340 ὄμμασι
269 2262 417 2340 δυναίμην
443 2261 512 2342 ipsis
537 2258 660 2336 οἱνιίξιον
684 2259 840 2338 γεγονότα
863 2267 922 2326 τῶν
945 2261 1107 2343 πρινίνων.

168 2474 249 2561 Peg.
279 2470 378 2538 2190.
401 2470 475 2548 οὶξιῶ
500 2495 535 2537 τε
559 2472 603 2547 μὲι
630 2471 719 2555 [τοῖς]
746 2479 852 2544 κοινοῖς
876 2471 981 2535 ἰᾶσθαι
1004 2471 1047 2536 τοὶ
1074 2471 1170 2538 κακαί.
1218 2472 1313 2542 Certa

123 2578 273 2664 loquendi
292 2580 346 2645 lex
365 2579 538 2645 artieulum
559 2585 621 2649 τοῖς
642 2579 784 2664 expungi
803 2577 909 2642 iubet:
932 2580 1015 2659 κοινῷ
1033 2577 1067 2642 τὸ
1083 2580 1177 2645 κακὸν
1193 2582 1313 2662 ἰᾶσθαι,

124 2707 186 2752 non
215 2689 257 2768 τῷ
288 2687 382 2768 κακῷ.
429 2685 519 2752 Idem
549 2684 704 2751 mendum
728 2683 908 2748 tollendum
931 2704 969 2748 ex
991 2683 1154 2750 Herodoto
1175 2686 1232 2753 ΙΙΙ.
1259 2687 1313 2755 53.

125 2793 169 2872 μὴ
195 2794 264 2879 [τῷ]
291 2794 375 2874 κακῷ
399 2793 433 2857 τὸ
458 2790 551 2858 κακὸν
576 2792 622 2856 isi.

171 3003 254 3091 Peg.
298 3002 399 3068 2193.
440 3001 666 3081 ἐβουλεύσαντο
703 2998 814 3078 μηκέτι
850 3001 918 3064 καθ’
955 3001 1076 3075 ἡλικίαν
1110 3002 1162 3066 καὶ
1199 3001 1314 3080 βουλῆς

37 3174 44 3184 ,
128 3109 252 3186 ἀξίωσιν
283 3108 478 3190 συμβούλους
502 3116 620 3173 καλεῖν.
668 3106 771 3173 Verba
794 3105 908 3184 βουλῆς
932 3106 1055 3182 ἀξίωσιν
1079 3128 1173 3174 sensu
1197 3115 1313 3175 carent.

126 3215 238 3303 Itaque
268 3216 445 3303 Kiessiing.
479 3216 663 3281 dubitanter
690 3222 783 3291 τιμῆς
807 3212 932 3290 ἀξίωσιν
959 3215 1103 3278 coniecit.
1150 3214 1316 3280 Praestare

126 3324 261 3388 arbitror
284 3326 395 3402 οὶρετῆς
418 3321 552 3400 οὶξίασιν.
587 3320 679 3387 Nihil
700 3319 789 3385 aliud
812 3323 975 3403 supererat
998 3340 1095 3404 quam
1119 3321 1316 3392 ΚΑΙΜἪ-

96 3483 99 3487 .
128 3438 331 3497 ΟΑΞΙΩΟΙΝ
364 3434 396 3494 11
419 3428 581 3514 supplevit
603 3429 708 3492 neseio
733 3428 803 3511 quis
825 3425 909 3510 quod
931 3428 966 3490 in
989 3426 1122 3490 bueeam
1146 3429 1246 3493 venit.
1274 3429 1314 3494 ef.

125 3558 197 3624 pag.
226 3535 321 3600 1143.
355 3533 454 3600 οὖνέτι
479 3533 675 3613 διακρίνοντος
699 3530 814 3604 οὐδενὸς
839 3531 908 3595 οὔτε
934 3530 1054 3605 ἡλικίαν
1079 3531 1147 3596 οὔτε
1179 3532 1315 3614 ἑταιρίαν

126 3640 192 3707 οὔτ’
227 3640 351 3719 οὶξίιιοιν
383 3641 569 3707 ἈΡΕΤΗΟ.
603 3644 635 3704 11
666 3660 738 3726 pag.
778 3636 877 3703 1592.
908 3635 1132 3719 διαφανὲςατοι
1164 3638 1248 3704 κατά
1279 3665 1315 3704 τε

125 3747 220 3823 ιίιιους
244 3746 383 3829 πατέρων
407 3746 459 3812 καὶ
484 3750 662 3811 'APeTHc
686 3745 800 3818 οίκείας
824 3744 957 3821 ἀξίωσιν.

171 3959 249 4046 Peg.
276 3956 375 4023 2194.
407 3955 524 4031 ταύτην
550 3952 674 4037 ἔχοντες
698 3951 842 4036 ἅνθρωποι
866 3955 921 4030 τὴν
946 3954 1067 4029 ἡλικίαν
1094 3965 1197 4022 ΟΙΑΝ
1224 3955 1313 4039 ἔχου·
1383 4018 1386 4025 ,

127 4091 172 4131 τιν
203 4066 228 4130 οἱ
261 4065 316 4143 πρὸ
350 4064 424 4142 ἐμοῦ
452 4063 576 4141 γνώμην
600 4059 846 4141 ἀποφηνάμενοι.
893 4061 1005 4127 Editor
1029 4061 1093 4127 οἵαν
1117 4065 1251 4129 inseruit
1275 4066 1313 4131 de

127 4175 199 4252 suo,
224 4172 279 4237 sed
302 4167 335 4246 ἱίν
358 4172 495 4236 inserere
519 4168 680 4234 debuerat.

171 4384 250 4473 Peg.
283 4379 383 4447 2195.
416 4380 540 4461 ὁρῶντες
571 4377 628 4455 μὲν
660 4374 816 4445 οὶνιίςατυν
846 4376 902 4451 τὴν
931 4376 1037 4457 χώραν
1066 4377 1149 4454 ἡμῶν
1174 4377 1232 4445 ὑπὸ
1256 4389 1314 4448 τῶν
