3076 5004
705 306 767 377 125

136 494 282 577 θείματα,
317 494 470 584 γραφάς,
501 497 595 582 ίεροίις
627 497 828 581 ἀνδριάντας,
854 506 882 566 et
906 502 1021 569 θαιιιίανι
1046 503 1104 590 ipsi
1126 501 1247 570 addicti
1269 523 1329 568 aer-

135 605 274 683 οἱαθοινί,
296 606 402 679 αὐτοῖς
426 606 457 672 δὲ
480 606 568 680 τέλος
593 601 627 681 ἦν
651 606 894 688 προσθέτοις
919 611 1092 690 γενομένοις
1116 610 1277 678 δουλεύειν.

183 828 265 919 Peg.
289 827 386 897 1175.
410 831 470 905 τάς
493 833 629 911 ίμαντοῦ
653 832 805 912 διαβολάς
830 834 1019 912 ἀπολύομαι.
1056 835 1189 922 Semper
1210 836 1330 925 Diony·

136 937 205 1001 sins
225 937 276 1002 his
299 936 389 1003 addit
411 941 677 1024 praepositionem
701 940 760 1011 τάς
784 943 857 1006 κατ’
880 943 1037 1021 ἐμαυτοῦ,
1061 948 1099 1008 ut
1123 941 1232 1029 paullo
1257 949 1330 1010 ante

136 1061 218 1131 pag..
238 1039 345 1120 1174,
367 1045 585 1112 ἀπολύσασθαι
610 1047 669 1119 τάς
691 1045 765 1112 κατ’
790 1047 928 1126 ἐμαυτοῦ
954 1048 1117 1127 θιαβολάς.

184 1271 264 1362 Peg.
292 1269 389 1339 1175.
412 1267 473 1336 θσοι
498 1272 550 1336 οὐκ
575 1271 698 1351 ἀξιοῦτε
721 1272 887 1354 κρείττονες
912 1272 995 1347 θντες
1029 1274 1086 1340 ὑπὸ
1109 1274 1251 1355 χειρθνοιν
1275 1273 1330 1356 ἀρ·

136 1379 272 1459 χεσθαι,
297 1378 358 1444 οὐθ’
381 1376 416 1454 ἣν
439 1378 641 1459 παρελάβετε
663 1379 720 1444 ὑπὸ
745 1382 841 1467 (reete
871 1379 1028 1445 Biioheler
1051 1380 1151 1464 παρά)
1176 1386 1234 1445 τῶν
1258 1403 1330 1461 προ·

137 1483 234 1563 γθναν
271 1486 430 1550 πολιτείαν
462 1484 519 1549 ὑπὸ
558 1492 613 1560 τῆς
653 1484 782 1559 κακίτκς
818 1492 876 1550 τάν
912 1487 944 1551 ἐν
975 1483 1136 1566 ἀνθρώποις
1171 1492 1331 1553 πολιτειῶν

138 1590 379 1674 [θνμοκρατίοος]
409 1591 622 1671 ἀφαιρεθῆναι.
668 1591 851 1676 Reponatur
882 1591 1089 1673 δημοκρατίας
1118 1595 1153 1658 in
1175 1595 1329 1682 margine.

137 1694 265 1777 Quanto
287 1699 390 1763 acrius
412 1702 445 1763 et
466 1697 580 1763 fortius
604 1697 687 1763 dixit
711 1699 834 1783 Appius
857 1718 974 1764 nomen
996 1701 1159 1765 omittens.

186 1802 222 1868 In
254 1823 321 1888 sqq.
352 1802 392 1868 ἀν
423 1798 508 1877 οὗτος
538 1803 745 1883 θλιγαρχίΑΟ
776 1801 871 1881 θνομα
902 1808 991 1877 θῆται
1023 1815 1061 1886 τῇ
1094 1812 1153 1869 τῶν
1181 1805 1331 1884 κρατίςοιν

141 1908 303 1993 ἡγεμονία.
351 1908 488 1975 Urbinas
520 1909 750 1995 θλιγαρχίΑΝ,
784 1910 868 1995 quod
899 1913 998 1977 etiam
1021 1913 1088 1977 sine
1111 1910 1202 1978 libris
1224 1913 1334 1998 reponi

139 2015 287 2083 debebat.

186 2241 269 2331 Peg.
287 2239 385 2309 1176.
413 2241 470 2307 θπθ
494 2246 547 2308 τοῦ
573 2245 683 2320 σεμνοῦ
704 2239 756 2306 καί
778 2240 978 2322 φιλοπόλιδος
999 2240 1107 2308 τούτου
1130 2241 1334 2323 ἐξηγέρθησαν

140 2349 181 2419 ἀς
204 2347 238 2424 it
263 2349 417 2415 ἀκίνθιινον
446 2352 552 2422 αὐτοῖς
583 2349 618 2415 τὸ
644 2346 729 2427 ἔργον
754 2347 893 2426 θσίμενον
915 2350 968 2414 καί
982 2385 1024 2398 -
1038 2349 1196 2428 κρείττονα
1222 2357 1334 2429 μοῖραν

140 2461 196 2532 τῆς
226 2456 373 2536 προτέρας
403 2451 554 2532 ἕξοντλο.
607 2454 807 2540 Quicumque
838 2454 897 2520 hoo
929 2459 1004 2543 aget
1035 2457 1186 2519 continuo
1220 2457 1335 2520 sentiet

141 2556 279 2637 ἕξοντες
309 2561 471 2628 emendari
501 2566 652 2647 oportere.
699 2560 833 2647 Derepit
864 2560 983 2626 scribas
1014 2561 1213 2626 aecusativus
1236 2562 1274 2629 ἀι
1299 2560 1334 2634 δὴ

141 2666 176 2733 ri
207 2667 294 2748 ἔργον
324 2666 474 2744 ἐσθμενον.
521 2667 647 2733 Passim
678 2667 763 2753 apud
793 2664 923 2732 Veteres
946 2669 980 2731 in
1003 2663 1225 2731 huiuscemodi
1250 2685 1336 2730 eom·

141 2775 297 2859 positione
320 2776 519 2840 aecusativus
546 2778 578 2838 et
602 2774 821 2838 nominativus
844 2775 1091 2861 coniunguntur.

187 2879 355 2946 Praeterea
377 2879 551 2968 legandum
576 2878 632 2944 ὑπὸ
657 2884 710 2945 τοῦ
734 2884 845 2957 σεμνοῦ
871 2879 923 2944 καί
949 2877 1147 2961 φιλοπθλιθος
1174 2878 1338 2945 τουτονί

143 3006 199 3073 pro
222 2984 341 3052 τούτου.

187 3212 267 3302 Pag.
295 3211 392 3278 1180.
415 3210 511 3294 χρόνῳ
535 3216 610 3291 γοῦν
633 3208 734 3291 ι’ίτερον
760 3210 838 3299 [καί]
867 3212 918 3291 ἐφ’
939 3206 1040 3292 ἑκάςῳ
1061 3211 1204 3291 χρήματι
1226 3249 1271 3263 -
1292 3213 1335 3284 τά

143 3314 226 3385 ἀπλα
258 3318 365 3397 λαβὼν
385 3357 426 3368 -
449 3319 520 3396 ὑμῖν
552 3319 750 3392 ἑτιθθσεται.-
790 3316 908 3383 Nullus
938 3318 991 3383 hie
1016 3318 1146 3384 voculae
1172 3320 1226 3385 καί
1247 3318 1337 3386 loeus

143 3432 208 3503 est,
233 3447 330 3512 qnam
354 3428 421 3491 sine
439 3446 532 3516 more
556 3446 714 3513 expungo.

186 3533 249 3599 Pro
272 3532 409 3611 σοβαρῶς
434 3532 611 3606 ε’πιθιίσεται
635 3534 670 3595 in
693 3531 847 3597 Urbinate
871 3535 920 3596 est
945 3530 1096 3610 σοβαρός,
1123 3531 1207 3616 quod
1231 3532 1336 3599 multo

141 3639 260 3705 melius
283 3643 346 3704 est:
373 3639 404 3704 οὐ
429 3639 491 3716 γάρ
515 3640 532 3714 ἦ
557 3638 689 3710 ἐπίθεσις
715 3634 748 3712 ἦν
771 3636 913 3716 σοβαρά,
941 3638 1015 3701 ἀλλ’
1040 3639 1053 3702 ἀ
1075 3636 1291 3713 ἐπιτιθέμενος.

188 3743 305 3811 eontra
328 3765 401 3832 pag.
430 3742 525 3810 1178.
557 3738 608 3808 θτε
638 3741 720 3808 οὔπω
744 3743 876 3822 φανερὸς
903 3741 936 3819 ἦν
961 3743 1106 3821 πολέμιος
1130 3744 1338 3829 praetulerim

130 3852 228 3936 .quod
250 3853 285 3916 in
309 3850 458 3917 Ohisiano
482 3857 529 3915 est
548 3856 697 3932 φανερῶς.

189 4092 269 4181 Peg.
297 4090 394 4158 1180.
419 4092 492 4172 ἀνὴρ
514 4092 640 4171 σώφρων
664 4088 694 4165 ὃς
719 4093 753 4156 ἐκ
777 4096 834 4157 τῶν
860 4091 968 4158 ἑαυτοῦ
994 4088 1110 4170 τρίπον
1133 4093 1336 4169 τεκμαίρεται

144 4199 250 4281 zabed
275 4199 347 4278 ὑπὲρ
379 4197 496 4279 ἐτέρων.
544 4197 635 4263 Libri
665 4197 919 4277 τεκμαιρόμενος,
952 4198 1035 4263 unde
1059 4203 1148 4283 patet
1170 4195 1338 4263 emendanss

145 4303 224 4369 dum
247 4322 331 4370 esse:
355 4306 427 4383 ἀνθρ
450 4304 576 4388 σώφρων
598 4314 671 4370 ΚΑΙ
697 4305 731 4370 ἐκ
753 4306 812 4370 τῶν
832 4305 941 4371 ἑαυτοῦ
961 4303 1076 4386 τρίπον
1097 4303 1335 4385 τεκμαιρόμενος

144 4410 248 4494 χροτά
273 4410 346 4494 ὑπὲρ
371 4408 487 4494 ἑτέρον.
