3076 5004
742 272 808 343 222

181 464 348 533 denuntiat
378 465 476 531 Decio
506 487 546 530 ne
577 467 628 531 his
656 468 839 554 praestigiis
868 470 988 530 utatur.
1035 463 1228 552 Aequalium
1253 462 1371 548 aliquis

180 573 325 638 oculatus
349 576 439 637 testis
462 573 539 637 haec
562 577 734 639 memoriae
755 574 905 659 prodidit.
927 570 1098 638 AGraeco
1117 576 1268 657 scriptore
1288 569 1371 635 hano

179 681 345 744 historiam
378 698 444 765 esse
476 679 649 762 profectam
682 681 721 745 ab
753 683 838 745 omni
862 682 1087 766 superstitione
1110 680 1230 751 alieno,
1255 677 1371 743 Hiero·

179 806 278 872 nymo
302 781 457 850 Gordiano
481 784 534 850 vel
556 785 701 850 Proxeno
724 785 778 852 vel
801 785 950 862 Timaeo,
975 806 1024 850 res
1048 792 1095 851 est
1125 787 1308 871 perspicne;
1326 786 1372 848 >et

180 892 257 978 quid
288 896 370 956 esset
399 913 460 954 sese
490 897 519 954 et
549 892 675 955 hostium
707 893 836 973 teutones
866 892 1041 976 ausiliaque
1075 888 1190 956 I'etlurt
1220 890 1312 954 matri
1343 896 1373 954 et

180 997 326 1063 Manibus
356 998 494 1061 amouere
517 993 648 1062 Graecis
672 998 945 1062 erat'inaudItum
971 1003 1144 1083 antequam
1167 997 1313 1084 Pyrrhus
1333 996 1372 1059 in

180 1102 308 1169 Italiam
331 1104 463 1167 veniret.

225 1208 313 1273 Haeo
344 1209 448 1294 igitur
479 1210 585 1277 omnia
617 1208 790 1296 Dionysius
821 1211 855 1273 in
886 1211 953 1274 suis
982 1211 1165 1275 auctoribus
1195 1209 1256 1273 sibi
1285 1207 1371 1274 lecta

180 1314 305 1380 silentio
329 1316 525 1390 transmisit,
549 1307 657 1390 credoss
683 1300 758 1399 quia
780 1313 933 1380 Romanis
957 1314 1129 1380 lectoribus
1151 1317 1317 1401 ingratum
1337 1318 1371 1378 et

179 1419 389 1485 iniucundum
420 1419 534 1483 auditu
557 1425 625 1484 erat
648 1419 795 1484 futurum
818 1421 924 1504 sperni
947 1420 986 1484 ab
1008 1420 1098 1484 hoste
1117 1436 1154 1485 ea
1176 1426 1209 1484 et
1232 1420 1372 1484 derideri

179 1547 259 1611 quae
290 1528 331 1590 iis
358 1527 543 1612 gravissimi
567 1529 722 1591 momenti
747 1531 778 1590 et
802 1524 980 1610 praeclarae
1002 1525 1108 1591 laudis
1130 1527 1280 1590 materies
1301 1537 1371 1591 esse

182 1634 373 1712 viderentur.

224 1739 273 1804 Ne
301 1738 361 1803 hoc
390 1737 519 1822 quidem
551 1737 679 1802 videtur
709 1738 883 1802 memoriae
913 1737 1087 1821 prodidisse
1116 1740 1150 1801 in
1181 1757 1218 1804 eo
1234 1735 1370 1822 praelio

179 1846 317 1912 alterum
347 1840 517 1907 Oonsulem
540 1842 579 1906 P.
603 1841 739 1907 Decium
763 1843 912 1907 cecidisse
960 1842 1044 1921 Nam
1068 1862 1170 1928 quum
1192 1862 1256 1908 nox
1280 1862 1371 1927 proe-

179 1951 260 2016 lium
284 1950 463 2014 diremisset
489 1953 538 2027 (ut
562 1949 674 2012 scribit
696 1968 770 2034 pag.
795 1948 885 2034 257.)
909 1958 953 2013 01
977 1956 1034 2013 rua
1056 1951 1213 2026 'saucius
1232 1946 1368 2013 ὕπατοι

179 2058 249 2129 τοὺς
275 2057 389 2119 icarus
412 2054 580 2116 ἀνεκάλουν
594 2053 655 2122 ,καὶ
681 2051 954 2131 δικβοβοὶσοοντθῦ
975 2057 1025 2119 τὸν
1047 2059 1187 2133 ποταμὸν
1209 2059 1368 2131 ἀπῆγΟΝ

180 2165 221 2236 εἰς
246 2164 298 2227 riu
320 2161 452 2240 χάρακα
476 2159 712 2240 συσκοτάζοντος
738 2161 801 2236 ἤδη.

224 2268 372 2334 Occisum
407 2281 475 2331 esse
507 2271 615 2331 autem
649 2269 684 2330 in
713 2267 774 2332 hoc
803 2265 923 2352 praelia
957 2264 1127 2333 Consulem
1158 2267 1196 2332 Ρ.
1230 2267 1367 2333 Decium

129 2415 131 2419 >
180 2373 296 2459 duplex
326 2378 375 2437 est
405 2376 453 2440 et·
471 2371 675 2436 luculentum
710 2370 870 2438 Oiceronis
903 2372 1144 2458 testimonium,
1177 2377 1212 2438 in
1247 2369 1367 2439 Itucci.

182 2481 313 2561 Qscaestt.
348 2477 373 2542 I.
404 2476 457 2543 37.
482 2477 593 2561 (mors)
617 2478 645 2541 sc'
668 2479 821 2542 timeretur
840 2514 882 2527 -
904 2501 963 2543 uou
986 2502 1050 2542 cum
1072 2480 1192 2544 Latinis
1215 2481 1369 2544 decertatus

170 2593 261 2669 pater
290 2584 417 2665 Decius,
446 2605 513 2646 cum
541 2583 677 2647 Itis-saccis
698 2584 807 2667 filius,
841 2605 905 2648 auus
936 2585 1168 2669 Pyradouepoe
1189 2608 1219 2649 re
1240 2585 1368 2649 hostium

176 2691 245 2755 tetis
274 2690 453 2754 obtecuseut.
486 2694 518 2753 ct
548 2690 587 2752 de
615 2689 742 2753 Piscibus
764 2689 805 2754 II.
832 2689 885 2755 19.
931 2691 1012 2754 Nuus
1035 2692 1071 2755 P.
1097 2691 1209 2755 Decius
1226 2692 1368 2785 princeps

62 2839 65 2842 <
176 2797 209 2860 e'u
240 2818 275 2859 ea
295 2795 427 2880 familia
464 2795 644 2859 Consulatus
668 2817 756 2880 quum
787 2818 818 2859 se
847 2798 1002 2861 deuoueret
1034 2805 1063 2860 u
1087 2817 1157 2883 equo
1182 2799 1309 2867 auara
1333 2797 1367 2860 iu

82 2909 83 2912 ’
175 2903 299 2966 mediam
330 2901 422 2964 aciem
451 2900 626 2964 Latinorum
656 2901 808 2978 irruebat,
838 2902 959 2988 aliquid
991 2905 1028 2967 de
1063 2905 1266 2986 uoluptatibus
1303 2903 1367 2968 suis

175 3006 346 3088 copitabat?
370 3006 536 3096 -xQuad'
556 3005 671 3089 quidem
704 3009 766 3067 οἰοιε
787 3005 910 3089 factum
941 3007 1003 3070 uisi
1028 3014 1101 3071 esset
1123 3008 1190 3071 iure
1213 3009 1366 3071 laudasne

176 3136 234 3177 nou
263 3120 335 3176 esset
365 3113 500 3175 imitatus
530 3116 635 3195 quarto
666 3111 822 3179 consulatu
849 3110 901 3175 suo
917 3115 1029 3197 filius,
1052 3114 1145 3198 sueque
1160 3136 1252 3197 porro
1276 3135 1313 3176 eu
1335 3135 1366 3177 ec

175 3226 265 3282 actus
293 3241 357 3280 cusu
387 3217 507 3302 Pprrta
531 3214 638 3279 bellum
658 3238 764 3295 percus
787 3218 891 3280 sarmul
912 3219 1063 3282 cecidisset
1087 3220 1117 3282 u'u
1138 3221 1256 3303 proelio
1279 3241 1366 3302 seque

176 3348 212 3389 eu
234 3325 397 3388 ceuiiueuts'
416 3345 521 3404 pecare
546 3321 664 3384 tertiam
687 3323 832 3385 uictimam
857 3323 930 3406 νοὶρ.
949 3325 1145 3407 praebuisset.
1192 3325 1265 3390 Non
1290 3330 1366 3389 sunt

175 3434 209 3495 in
240 3429 457 3495 Romanorum
488 3426 664 3493 Annalibus
691 3433 816 3512 praeter
839 3428 930 3494 Decii
954 3433 1053 3514 patris
1078 3452 1113 3496 ac
1136 3430 1195 3495 filii
1219 3431 1366 3516 exempla

175 3556 284 3601 eorum
315 3539 369 3620 qui
400 3555 469 3599 sesa
496 3535 708 3598 devovissent.
755 3532 802 3598 De
832 3543 921 3618 patre
954 3533 1090 3601 Consule
1122 3556 1202 3602 anno
1235 3558 1262 3601 a.
1288 3534 1362 3602 (thr.

177 3642 252 3708 340.
282 3646 392 3707 auctor
419 3646 473 3704 est'
489 3640 602 3706 Livius
625 3637 710 3702 VIII.
736 3639 768 3704 9.
818 3639 867 3704 De
889 3639 956 3705 filio
979 3641 1015 3707 Ρ.
1041 3642 1138 3708 Decio
1161 3643 1199 3706 P.
1223 3642 1308 3722 qu.
1332 3665 1361 3706 n.

174 3748 287 3834 quater
316 3744 454 3812 Consule
484 3745 522 3830 (I.
550 3764 631 3810 anno
656 3744 732 3809 312.
757 3745 827 3811 Lis.
855 3745 918 3810 ΙΧ.
937 3745 991 3810 29.
1017 3746 1056 3810 II.
1083 3768 1164 3813 anno
1189 3747 1264 3813 308.
1290 3748 1362 3813 Lis.

174 3853 233 3919 III.
258 3852 311 3918 41.
337 3850 394 3915 III.
423 3872 503 3916 anno
527 3849 605 3917 297.
628 3849 700 3916 Lis.
727 3851 767 3916 X.
794 3850 845 3916 14.
867 3850 920 3915 IV.
945 3873 1025 3917 anno
1045 3851 1123 3918 295.
1143 3853 1213 3918 Lis.
1235 3855 1275 3918 X.
1294 3852 1363 3931 28.)

175 3962 230 4045 qui
260 3979 327 4023 sese
360 3957 490 4022 devovit
522 3959 612 4022 annis
644 3956 731 4021 XLV
760 3962 831 4042 post
863 3962 997 4042 patrem.
1045 3957 1151 4043 Nepos
1180 3961 1215 4024 in
1244 3959 1363 4044 praello

174 4065 258 4150 apud
288 4062 443 4127 Asculum
472 4063 585 4128 cecidit
608 4083 689 4127 anno
713 4084 741 4128 a.
767 4061 841 4128 Chr.
866 4062 944 4128 279.
971 4062 1045 4127 XVI
1068 4069 1139 4148 post
1161 4070 1286 4148 patrem
1310 4087 1363 4130 an-

172 4174 239 4254 nis,
281 4175 319 4234 ut
352 4171 507 4234 memoria
541 4175 691 4254 paternae
727 4170 905 4234 devotionis
940 4171 1016 4234 satis
1051 4191 1162 4234 recens
1192 4170 1361 4235 hominum

170 4261 333 4342 mentibus
356 4276 591 4352 obversaretur,
615 4296 716 4360 quum
738 4275 775 4338 P.
800 4274 916 4339 Decius
939 4274 977 4340 de
1000 4296 1128 4341 summa
1153 4296 1260 4340 rerum
1286 4298 1360 4341 cum

171 4381 296 4468 Pyrrho
331 4385 412 4446 esset
447 4380 679 4459 dimicaturus,
715 4380 800 4445 nude
835 4381 958 4446 factum
990 4389 1038 4447 est
1066 4388 1105 4447 ut
1134 4402 1170 4447 ea
1202 4382 1289 4449 fama
1324 4383 1361 4448 ad
