3076 5004
732 258 795 328 189

215 453 320 522 Notus
343 457 391 518 est
413 450 592 520 versiculus
614 451 854 537 Aristophanis:

375 559 410 624 τὸ
434 563 573 641 τοάγμα
598 556 727 640 Φανεοάν
752 558 831 637 ἐςιν,
856 556 933 623 αὑτὸ
957 557 1019 638 γάρ
1042 557 1117 642 βοᾷ.

173 666 204 731 et
232 665 429 751 lepidissime
461 666 544 732 dixit
576 663 726 731 Comicus
756 666 862 730 nescio
891 666 962 751 quis
983 667 1018 728 in
1041 664 1181 730 Beklreri
1204 663 1364 732 Αοοοοάοινό

173 791 245 859 pag.
278 769 356 836 465.
388 770 419 837 8.
454 775 595 838 eoroc
625 772 727 856 βοᾷς
759 771 870 857 (stulte
897 771 1002 837 editur
1024 768 1195 858 αὐτοβοάς)
1228 767 1362 850 ἐμοιος

175 875 219 943 ὧν
249 876 369 960 aride:
403 877 552 951 Ἀττικῶς
576 876 659 943 τάνυ
683 876 939 957 συμπέπλεκται.
964 877 1108 956 σημαίνει
1132 878 1164 944 δὲ
1187 873 1246 945 οἷον
1269 877 1363 952 αὐτὸς

175 984 293 1065 τεαυτῷ
318 992 483 1066 μαρτυρεῖς
508 985 666 1067 κεκραγὼς
692 979 792 1064 ὅμοιος
816 980 893 1050 εἷναι
918 983 1005 1066 τῷδε.

219 1228 300 1316 Pag.
338 1227 437 1294 2018.
473 1232 605 1293 τοιοῦτον
637 1226 771 1310 Φάλακα
803 1234 859 1302 τῆς
891 1226 1109 1308 άριτοκοατάας
1137 1227 1364 1311 Ἀςταζάμενον

179 1332 230 1399 ὑπ’
266 1337 368 1401 αὐτῶν
401 1335 579 1416 περιείδετε.
629 1334 789 1402 Solemnis
825 1337 859 1399 in
894 1333 986 1399 libris
1021 1335 1162 1400 confusio
1198 1339 1246 1401 est
1281 1338 1367 1402 inter

177 1442 399 1524 ἈΝαοτάζειν
416 1466 474 1527 per
497 1444 557 1508 vim
580 1443 756 1528 opprimere,
784 1448 817 1508 et
839 1439 989 1523 άριιάζειν
1011 1442 1174 1526 corripere,
1199 1441 1254 1507 sed
1273 1441 1367 1509 facile
1456 1455 1458 1459 ’

175 1547 375 1636 dignoscitur
409 1550 487 1635 quid
521 1552 565 1615 sit
598 1551 718 1634 ubique
753 1570 885 1632 verum,
918 1553 957 1613 ut
987 1546 1056 1613 h.1.
1087 1548 1295 1614 manifestum
1318 1553 1367 1615 est

173 1653 459 1736 ἈΝοιοταζάμενον
489 1657 620 1741 requiri.
667 1654 799 1740 Saepius
828 1656 906 1720 haec
938 1675 1033 1739 supra
1059 1652 1203 1720 vidimus
1225 1656 1310 1720 inter
1332 1674 1366 1721 se

170 1763 360 1845 perturbata
392 1767 424 1827 et
453 1783 471 1827 a
502 1760 678 1849 Sylburgio
708 1760 903 1846 Reiskioque
926 1780 1036 1827 veram
1060 1763 1253 1845 scripturam
1275 1762 1368 1826 resti·

173 1870 283 1932 tutam
290 1889 299 1947 ;
331 1890 414 1933 unus
445 1874 477 1934 et
500 1868 581 1934 alter
610 1868 699 1934 locus
728 1867 934 1954 corrigendus
964 1871 1127 1951 superest,
1159 1866 1263 1933 veluti
1293 1866 1367 1932 libr.

174 1973 250 2039 XII.
281 1995 355 2062 pag.
389 1973 465 2042 176.
498 1974 615 2040 Kiessl.
646 1972 788 2053 βονάεῖτέ
819 1997 871 2052 μοι
907 1970 1195 2053 ΟΤΝαρταζομένῳ
1227 1974 1368 2038 cistercie

175 2079 329 2160 δυνατῶν,
361 2082 418 2147 ubi
450 2103 525 2148 vera
554 2081 649 2147 lectio
673 2080 798 2165 liquido
822 2079 989 2167 colligitur
1012 2099 1050 2144 ex
1073 2078 1143 2145 loco
1165 2080 1272 2146 vicino
1293 2099 1368 2167 pag.

175 2184 254 2253 178.
279 2185 547 2269 ’ΛΝυρτασμένου
572 2187 630 2252 ὑπὸ
654 2192 712 2252 τῶν
737 2186 880 2250 δυνατῶν.
1191 2188 1194 2193 ’

222 2293 420 2360 Simillimus
443 2298 549 2360 nostro
572 2292 662 2359 locus
684 2296 733 2359 est
755 2313 829 2379 pag.
858 2288 960 2358 2127.
986 2290 1121 2364 πολλοὺς
1146 2293 1200 2369 ἤδη
1225 2293 1276 2358 τὸν
1295 2293 1370 2374 ὑπὲρ

176 2401 258 2479 ὑμῶν
281 2402 390 2480 ripere
414 2397 581 2480 ἀραμένους
608 2398 665 2484 (sio
689 2398 754 2486 leg.
778 2418 835 2484 pro
860 2395 1064 2485 αἱρουμένους)
1089 2397 1256 2480 περιείδετε
1278 2401 1371 2481 άναρ-

177 2507 352 2579 recidererc
378 2506 436 2571 ὑπὸ
460 2509 513 2570 τοῦ
538 2505 646 2583 dieue.

222 2749 303 2837 Pag.
328 2746 428 2814 2018.
454 2746 553 2814 οὐκέτι
578 2743 935 2829 μετριάζουσιν-άλλ’
958 2746 1080 2828 άάοάους
1105 2746 1160 2823 ἤδη
1186 2747 1375 2828 περιβαλόν-

152 2879 231 2928 .τες
255 2856 326 2927 τοὺς
349 2854 486 2933 άγαάοὺς
519 2850 710 2919 ἕλκουσιν
740 2853 773 2918 ἐκ
797 2861 852 2929 τῆς
878 2851 1008 2925 πόλεως.
1056 2852 1134 2935 Quis
1158 2876 1316 2941 umquam
1339 2857 1374 2922 in

181 2961 238 3028 tali
262 2983 297 3027 re
319 2962 403 3028 vidit
423 2963 559 3029 uerbum
580 2957 679 3026 ἕλκειν
698 2957 863 3046 positum?
883 2961 1002 3024 trabere
1020 2958 1161 3044 aliquem
1183 2981 1222 3026 er
1243 2963 1375 3028 civitate

180 3089 237 3153 pro
270 3068 439 3152 erpellere?
484 3067 602 3134 Fuerat
637 3067 734 3151 olim,
769 3070 808 3132 ut
842 3068 1003 3152 suspicor,
1039 3065 1269 3145 ἕλΑΤΝουοιν,
1298 3087 1375 3133 nam

181 3175 310 3260 perinde
340 3175 419 3239 bene
452 3173 591 3253 ἐλαύνειν
623 3176 655 3238 ot
687 3170 862 3248 ἐξελαύνειν
895 3176 927 3237 et
951 3169 1122 3250 ἐκβάλλειν
1146 3173 1297 3239 dicuntur
1318 3193 1375 3258 pro

183 3281 343 3366 repellere,
368 3279 491 3358 eiicere,
515 3279 632 3361 eripere
653 3280 689 3344 in
713 3277 876 3345 exsilium.

224 3521 305 3609 Peg.
340 3519 440 3586 2020.
473 3520 498 3584 οἱ
530 3518 588 3598 μὲν
619 3512 669 3584 οὖν
701 3518 1050 3597 recreetque-escle
1084 3518 1262 3585 ὑτάττευον
1299 3516 1376 3586 εἶναι

182 3628 233 3693 τὸν
268 3626 385 3707 Φόβον,
421 3627 447 3691 οἷ
480 3627 507 3692 δ’
537 3625 703 3705 εὐνάέςεροι
734 3626 943 3694 τιςεύονΤΕΟ
973 3634 1044 3698 ταῖς
1077 3625 1202 3706 Φάμαις
1238 3627 1376 3714 [clunii]

181 3736 285 3801 Arena
318 3736 386 3798 sine
418 3731 513 3798 calce.
561 3729 796 3818 corrigendum
831 3735 896 3796 est:
923 3730 948 3797 ri
973 3730 999 3796 δ’
1024 3731 1190 3813 εὐνάέτεοοι
1216 3731 1377 3803 ’Θτίςευον

184 3849 254 3914 ταῖς
280 3843 404 3921 Φάμαις
429 3843 587 3924 expuncto
611 3839 721 3916 άληάῆ.

103 4022 109 4037 ἐ
229 4064 309 4152 Pag.
341 4062 440 4129 2020.
473 4068 525 4129 τοῦ
557 4063 614 4142 μὲν
646 4060 802 4144 ἐξετάζειν
833 4061 977 4137 Teresia
1008 4061 1037 4146 [ἢ
1063 4063 1189 4149 ψεῦδος]
1216 4065 1268 4129 οὐκ
1292 4060 1376 4146 εἶχον

184 4171 332 4249 τοόνοιαν.
361 4169 534 4248 Μευᾶοοε
555 4172 632 4237 haee
660 4173 760 4236 oratio
784 4175 842 4236 est.
882 4170 1013 4236 Poterat
1037 4168 1101 4233 dici
1126 4169 1181 4236 εἴτ’
1206 4171 1317 4246 dualia
1343 4167 1376 4246 ἐν

184 4274 246 4342 εἴτε
279 4278 407 4355 ψεῦδος,
441 4277 496 4341 sed
526 4277 805 4363 simplicissimum
836 4281 884 4342 est
916 4275 1020 4340 deleto
1049 4275 1083 4341 τὸ
1108 4277 1219 4357 ψεῦδος
1242 4279 1378 4349 retinere

184 4387 237 4451 τοῦ
262 4382 318 4462 μὲν
343 4381 499 4465 ἐξετάζειν
522 4385 654 4461 τάληθὲς
678 4385 733 4450 οὐκ
757 4380 843 4464 εἶχον
867 4379 1014 4466 ποόνοιαν.
