3076 5004
804 282 869 354 108

662 583 707 632 AD
729 581 853 633 maun
875 583 1015 635 SEXUM.

236 833 247 852 ,
287 775 368 866 Pag.
405 775 502 844 1038.
536 775 586 842 ἕτῖ
619 777 731 843 τούτων
762 777 843 859 Φασὶ
875 784 934 843 τῶν
964 776 1089 844 θιιοθτυν
1115 777 1168 866 (A.
1191 775 1379 864 Sempronio
1403 781 1438 844 et

242 880 290 949 M.
321 882 465 950 Minucio
498 904 525 949 a.
557 883 600 948 U.
627 880 662 949 0.
695 880 774 967 257)
804 884 856 948 τὸν
888 885 959 948 νεὼν
993 883 1205 963 καθιερωθῆναι
1242 884 1285 964 τῷ
1322 881 1437 964 Κρθνιρ.

242 986 356 1053 Livius
389 988 432 1054 ΙΙ.
469 989 524 1055 21.
560 989 608 1053 tic
643 989 811 1053 comatae
844 991 931 1054 ceder
965 990 1091 1055 βοθνναο
1126 991 1274 1055 dedicata.
1320 989 1438 1076 Pergit

194 1168 196 1171 Ι
241 1091 433 1180 Dionysius:
465 1095 507 1160 τθι
540 1094 571 1158 δὲ
603 1094 658 1175 τρὸ
690 1094 802 1159 τούτων
840 1093 918 1180 [τὸν]
954 1094 1059 1173 βυροθν
1096 1094 1200 1161 αὐτόθι
1236 1095 1436 1175 καθιδρῦσθαι

247 1196 325 1284 [τὸν]
359 1199 413 1279 ὑφ’
437 1200 621 1279 Ἡρακλέους
646 1199 941 1278 κατεσκευασμένον.
990 1201 1176 1267 Articulum
1199 1199 1251 1266 τθν
1276 1205 1348 1267 anta
1372 1199 1437 1277 βοι-

241 1302 299 1383 ριθν
331 1304 506 1393 Kiessling.
540 1306 578 1372 de
610 1325 667 1370 suo
696 1305 819 1372 addidit
849 1305 967 1373 melius
997 1307 1139 1373 facturus
1164 1309 1192 1372 si
1215 1327 1279 1392 seq.
1303 1305 1354 1372 τθν
1381 1327 1437 1371 ex·

241 1414 416 1497 puniisset.
462 1411 525 1478 Sed
555 1414 683 1499 gravior
713 1415 888 1478 sententiaa
918 1411 1005 1479 labes
1037 1415 1072 1478 in
1103 1434 1169 1498 sqq.
1201 1415 1299 1478 inest:
1323 1413 1379 1486 ric
1402 1412 1437 1477 δὲ

242 1518 369 1596 γραφῖρν
399 1526 453 1593 τῆς
485 1518 625 1597 ἱδρύσεως
659 1523 712 1582 τοῦ
744 1522 817 1583 ναοῦ
850 1519 928 1590 τινὲς
960 1520 1017 1596 μὲν
1050 1520 1179 1601 ῖςοροῦσι
1202 1518 1317 1596 λαβεῖν
1339 1518 1437 1584 Τῖτον

242 1621 444 1703 Λοθριιιον-,
476 1625 503 1688 οῖ
535 1622 565 1687 δὲ
597 1623 650 1688 καὶ
682 1623 824 1702 βασιλέα
855 1623 1099 1702 Ταρκύνιον-,
1126 1625 1180 1699 τθρν
1206 1625 1237 1689 δὲ
1259 1623 1436 1705 καθιέρωσιν

241 1732 295 1794 τοῦ
329 1734 400 1794 ναοῦ
432 1729 544 1808 λαβεῖν
569 1727 708 1807 Πθςοροον
733 1727 871 1805 Κομίνιον
891 1729 977 1794 κατθο
1000 1716 1157 1809 ψήφισμα
1181 1730 1307 1808 βουλῆς.
1356 1728 1435 1797 Sine

216 1825 218 1828 ’
243 1837 455 1901 controversia
484 1836 673 1900 mendosum
704 1841 752 1901 est
774 1835 919 1917 γραφήν,
944 1835 998 1900 sed
1023 1836 1107 1921 quod
1129 1835 1242 1901 Editor
1263 1836 1435 1902 substituit

242 1940 422 2019 ἐπιγραφήν
454 1944 502 2004 est
534 1941 630 2004 etiam
655 1940 848 2004 mendosius.
896 1938 1048 2025 Sequitur
1072 1943 1158 2006 enim
1182 1942 1235 2016 τὴν
1261 1941 1436 2023 καθιέρωσιν

244 2047 261 2122 ἡ
286 2048 467 2125 ἐπιγραφήν
491 2048 547 2131 qui
571 2045 733 2111 dedicarat
754 2068 857 2110 αοιιιοιι
880 2048 914 2110 in
937 2045 1064 2128 fastigio
1087 2046 1265 2112 inscribebat
1288 2047 1328 2113 ad
1351 2069 1435 2115 sem·
1472 2078 1476 2083 ·

244 2144 403 2238 piternam
426 2152 622 2237 posteritatis
645 2154 845 2220 memoriam.
891 2152 1005 2236 Itaque
1023 2151 1180 2218 Biicheler
1199 2153 1342 2234 ιῖφορροιὶν
1360 2174 1434 2220 oon-

240 2261 327 2324 iecit.
374 2257 482 2322 Etiam
511 2255 691 2342 simplicius
723 2257 859 2323 arbitror
878 2279 946 2322 rem
969 2260 1097 2323 restitui
1120 2277 1229 2343 posse:
1252 2262 1320 2325 sine
1342 2281 1434 2346 prae·

240 2367 397 2450 positione
426 2365 580 2448 scriptum
615 2368 682 2428 erat
708 2364 763 2438 τὶρν
793 2363 824 2429 δὲ
849 2366 1010 2429 ‘OPMHN
1033 2369 1090 2436 τῆς
1114 2365 1255 2443 ἱδρύσεως
1279 2369 1333 2430 τοῦ
1358 2370 1432 2431 ναοῦ

240 2470 411 2548 -λαβεῖν
442 2468 536 2533 Τῖτον
563 2467 705 2548 Λθρκιον.
754 2467 915 2534 Tenemus
938 2471 1058 2534 iterum
1080 2470 1290 2536 manifestum
1313 2491 1433 2538 eorrec-

240 2582 343 2644 torom
369 2577 568 2661 imperitum.
614 2572 784 2660 Supererat
813 2574 1128 2651 THNAe*P**HN‚
1160 2580 1194 2641 at
1224 2575 1280 2642 ille
1303 2576 1432 2660 γραφήν

241 2682 404 2769 supplevit
427 2682 600 2747 sententiae
624 2680 662 2745 de
686 2699 774 2745 more
796 2699 936 2745 securus.

284 2909 366 2997 Peg.
391 2907 490 2973 1040.
516 2909 592 2985 uicis
616 2907 664 2973 δεῖ
679 2904 777 2972 ciacc
796 2914 859 2978 τοῖς
879 2904 1065 2987 πράγμασιν
1088 2905 1278 2988 Ἀφειροέννρς
1296 2904 1432 2974 θθιταντα

241 3015 359 3083 διοικεῖν
384 3014 469 3081 κατθι
493 3015 544 3080 τὸν
567 3013 665 3088 αὑτῆς
693 3014 842 3091 λογισμὸν
865 3013 1067 3079 οῖνυτευθθνου
1092 3015 1203 3095 ἀρχῆς.
1248 3013 1326 3080 Noti
1348 3035 1433 3081 erro·

239 3125 284 3189 ris
308 3143 428 3189 novum
452 3119 636 3207 exemplum
658 3119 757 3186 vides.
805 3118 891 3207 Lege
917 3118 1116 3202 Ἐφειμὲιης.

284 3332 366 3420 Pag.
399 3330 498 3397 1041.
526 3307 741 3409 ἀγγέλλοντες
755 3336 987 3414 -τανςρατιρῖ
1012 3329 1166 3402 Λατίνους
1189 3329 1428 3410 ε’ξελιρλυθθτας.

240 3438 358 3506 Contra
388 3456 484 3529 usum
514 3435 666 3501 Veterum
698 3439 731 3500 et
760 3440 909 3502 naturam
940 3437 1030 3503 verbi
1054 3436 1227 3524 Dionysius
1253 3437 1429 3517 οῖγγέλλειν

240 3567 315 3612 cum
337 3544 504 3631 participio
528 3541 689 3625 componit
711 3561 768 3625 pro
792 3539 951 3609 infinitivo
975 3541 1198 3620 ἐξεληλυθέναι.

285 3756 365 3844 Pag.
391 3751 489 3820 1044.
515 3748 683 3829 Ῥωμαίους
707 3751 763 3829 μὲν
787 3751 850 3833 γθιρ
875 3753 956 3819 οὐδὲν
976 3750 1166 3819 ἀπολαύσειν
1187 3754 1221 3819 ἕκ
1241 3761 1296 3829 τῆς
1317 3754 1428 3835 τριβῆς

238 3868 291 3930 τοῦ
323 3861 442 3945 χρθνιυ.
488 3858 536 3924 De
566 3857 714 3945 Dionysii
745 3879 835 3924 more
861 3858 1034 3947 legendum
1066 3860 1147 3925 οὐδὲν
1181 3861 1325 3946 (οῖγαθθν)
1349 3861 1429 3926 οῖτο·

238 3968 374 4037 λαθσειν.
421 3966 609 4050 Numquam
640 3966 727 4029 enim
758 3964 851 4030 aliter
881 3985 979 4050 quam
1010 3967 1055 4031 sic
1087 3964 1261 4053 Dionysius
1283 3966 1429 4052 loquitur

238 4075 422 4161 saepissime
448 4072 507 4136 hac
536 4070 661 4136 dicendi
693 4071 796 4137 forma
826 4092 919 4149 usus,
952 4076 984 4137 et
1014 4076 1192 4137 constanter
1221 4073 1318 4138 verbo
1349 4074 1429 4140 cicrc-

238 4182 345 4247 λαθειν
375 4182 431 4244 aut
462 4175 579 4255 θγαθθν
610 4181 667 4242 aut
696 4177 790 4242 κακθν
822 4177 947 4252 adiicit,
982 4177 1085 4244 veluti
1109 4198 1182 4265 pag.
1208 4177 1305 4244 1652.
1330 4179 1427 4258 μηδὲν
1457 4238 1469 4249 ,

237 4283 481 4356 ἀπολαύσαντας
505 4291 561 4359 τῆς
584 4285 695 4366 θρετῆς
709 4268 847 4362 σῖγαθθν.
871 4305 944 4370 pag.
972 4281 1068 4348 1906.
1093 4284 1175 4350 οὐδὲν
1199 4285 1317 4364 οὶγαθθν
1343 4286 1426 4365 cirri·

237 4410 360 4463 λαυσαν
383 4390 460 4478 (leg.
484 4390 702 4476 οῖιιέλαυσαν),
725 4400 758 4456 et
780 4388 894 4456 multis
917 4388 990 4455 aliis
1011 4388 1100 4455 loeis.
