3076 5004
658 258 725 339 215

100 462 207 531 είδὲναι
228 461 335 529 δοκεῖν.
364 412 481 549 Aperte
498 464 688 530 mendosum
708 465 755 526 est
775 457 874 535 λέξαι.
904 457 1047 524 Emende
1066 457 1111 536 μη
1130 446 1283 533 'finirier

100 574 132 639 τί
156 575 304 654 πρᾶγμα.
350 572 558 657 Perfreqnens
579 573 614 634 in
637 569 729 634 libris
751 568 828 632 haec
851 565 993 632 confusio
1016 569 1075 631 cst.

144 784 225 870 Peg.
257 782 335 849 218.
367 785 393 849 εί
426 784 457 848 δὲ
489 785 533 859 μη
563 787 659 847 πᾶσιν
690 778 789 856 ἔδοξεν
817 784 922 844 ταῦτα
948 779 1019 856 ὑμῖν
1043 779 1119 842 ἄλλ’
1142 776 1205 841 aab
1227 783 1283 849 τῆς

103 889 217 954 ἑαυτῶν
241 892 366 968 paduae
390 888 542 970 ἔπραττθν
565 912 653 960 τινες.
691 887 742 952 Sic
764 886 938 973 Kiessling.
963 886 1128 950 constituit
1151 885 1284 968 scriptu·
1352 876 1357 886 '

100 1016 168 1060 ram
192 995 364 1061 librorum:
390 998 414 1061 εί
436 996 467 1060 δὲ
490 995 534 1072 μη
559 999 636 1059 ποῖοι
661 990 779 1066 δίξατα
804 991 875 1068 ὑμῖν
894 989 915 1056 ἄ
937 990 1088 1070 ἔπραττθν
1109 1012 1186 1060 τινες
1208 989 1283 1052 ἄλλ’

101 1103 162 1167 dari
184 1102 248 1166 κτὲ.
269 1104 303 1166 in
322 1124 384 1187 qna
401 1103 482 1167 hanc
502 1122 610 1166 veram
629 1099 799 1164 lectionem
819 1099 946 1162 subesse
965 1099 1128 1162 existimo:
1149 1097 1174 1160 εί
1197 1097 1227 1160 δὲ
1240 1099 1284 1171 μη

103 1220 181 1281 τοῖσι
207 1213 382 1289 δθξΑΝΤΑ
403 1216 474 1292 ὑμῖν
494 1211 645 1295 ἔπραττθν
664 1236 742 1284 τινες
763 1212 828 1275 ari.
865 1209 1070 1276 Scribebetur
1090 1188 1235 1275 ΔΟΞῙΤ
1239 1219 1264 1274 Α
1276 1260 1286 1285 ‚

101 1350 163 1414 qna
184 1329 222 1394 de
241 1342 338 1395 censa
354 1329 527 1394 sexcenties
546 1328 758 1392 necessarium
780 1333 807 1389 N
829 1327 938 1409 periit,
959 1329 997 1389 ut
1018 1325 1052 1387 in
1071 1348 1112 1400 με
1132 1344 1188 1409 pro
1213 1332 1286 1390 ΜΕ.

146 1525 227 1612 Peg.
252 1523 329 1590 219.
356 1524 442 1589 κατᾶ
466 1523 536 1598 τοὺς
560 1522 652 1605 ίεροθς
678 1547 713 1586 τε
733 1522 785 1586 καί
811 1522 984 1602 πατρικοὺς
1011 1520 1127 1596 νόμους.
1175 1532 1288 1601 Πατρι·
1328 1518 1331 1523 ’

101 1630 145 1695 κοί
173 1630 255 1706 νθμοι
279 1636 353 1696 sunt
376 1632 453 1712 ίοροε
472 1638 633 1714 paternae,
660 1634 698 1693 ut
722 1628 867 1707 πατρικὸς
893 1628 1001 1709 Φίλος,
1026 1625 1107 1701 ξένος
1127 1627 1284 1706 πατρικίς.

100 1735 291 1802 Rectissime
320 1737 424 1822 igitur
455 1734 634 1821 Stephanus
665 1735 808 1813 πατρίους
842 1732 1034 1799 emendavit.
1081 1732 1287 1798 Confundnnt

100 1863 193 1927 saepe
216 1843 374 1927 sequiores
397 1847 504 1907 contra
526 1862 622 1905 usum
645 1839 797 1905 Veterum
821 1839 948 1920 πᾶτριος
973 1847 1005 1904 et
1028 1843 1176 1918 πατρῷος.
1223 1838 1287 1904 Sed

67 1939 69 1943 ’
101 1950 135 2012 in
165 1947 312 2028 πατρικθς
343 1968 437 2012 nemo
467 1952 586 2032 peccat.
642 1945 814 2011 Nonnullis
845 1945 917 2011 aliis
949 1966 1073 2030 qnoque
1099 1945 1178 2011 locis
1200 1945 1287 2010 idem

101 2056 218 2120 vitium
248 2053 427 2118 tollendum
458 2058 515 2119 est.
565 2053 605 2117 Ol
638 2049 759 2133 ποίτριοι
790 2052 873 2130 νθμοι
904 2057 936 2117 et
967 2052 1051 2137 apud
1081 2051 1160 2118 elios
1195 2072 1287 2137 saepe

102 2163 391 2226 commemorantur
413 2163 445 2224 et
468 2159 553 2245 apud
574 2157 806 2244 Thucydidem.

146 2370 228 2458 Peg.
261 2366 339 2434 221.
370 2367 505 2447 κεραυνοί
537 2367 568 2431 δὲ
600 2369 815 2450 κατήχθησαν.
861 2367 959 2435 Recte
991 2370 1091 2435 infre:
1127 2366 1202 2435 ἄταν
1236 2370 1288 2450 ε’π)

101 2478 156 2551 την
180 2482 238 2554 γῆν
264 2473 500 2554 κοταφίρηται,
525 2479 557 2538 et
580 2475 844 2554 κατηΝθχθηοαν
866 2478 959 2540 unice
983 2496 1094 2541 verum
1118 2480 1174 2540 est.
1211 2476 1289 2540 Per·

101 2586 197 2669 petuo
215 2583 250 2645 in
268 2580 428 2661 μετήχθην
442 2618 482 2628 -
496 2579 705 2662 μετηνέχθην,
725 2583 887 2662 κατήχθην
900 2619 941 2630 -
953 2582 1145 2663 κατηνέχθην
1163 2581 1290 2647 librarii

101 2687 211 2753 turbas
236 2687 309 2752 dare
330 2685 443 2752 solent.
1315 2694 1317 2696 ’

145 2897 226 2984 Peg.
252 2892 329 2960 233.
354 2893 410 2960 ἔνθ’
435 2894 473 2961 ἄν
496 2892 563 2978 είίρη
587 2895 638 2961 τὸν
663 2894 773 2978 ἄρρενα
793 2898 850 2963 ὑπὸ
870 2906 925 2974 τοῖς
946 2898 1070 2973 θηλείας
1090 2901 1287 2978 ὦπνιομίνον.

102 3003 285 3070 Perfectum
315 3001 503 3079 ἄποιομένον
532 3009 564 3068 et
594 3024 628 3068 re
659 3003 832 3069 absurdum
857 3011 906 3070 est
928 3011 960 3070 et
981 3005 1084 3071 forma
1105 3007 1287 3073 barbarum.

102 3109 144 3174 Et
173 3114 287 3174 natura
315 3109 362 3172 rei
394 3113 426 3172 et
459 3108 584 3173 dicendi
613 3130 690 3175 usus
722 3110 834 3176 docent
864 3109 1039 3188 ίποιθμενον
1072 3133 1139 3178 esse
1163 3135 1286 3179 verum.

27 3279 30 3284 .
102 3213 275 3280 Oreculum
299 3212 420 3300 legitur
443 3215 526 3298 apud
549 3213 726 3281 Diodorum
750 3215 896 3282 Siculum
920 3218 1005 3283 VIII.
1030 3217 1084 3284 25.
1109 3218 1142 3285 2.

283 3317 340 3383 ἔνθ’
364 3317 433 3382 εἶτα
456 3317 612 3396 βᾶλλοντι
636 3323 687 3387 τὸν
710 3320 824 3402 ἄρσενα
848 3324 939 3398 θῆλνς
963 3327 1072 3390 θπυίει.

146 3425 309 3491 Lacunam
343 3427 378 3488 in
413 3445 480 3509 sqq.
517 3424 583 3490 ἰδὼν
617 3425 761 3505 ἄμπελον
791 3430 905 3471 *st*
934 3453 997 3496 non
1027 3433 1148 3517 optime
1179 3430 1287 3496 Maius

102 3531 262 3616 explevit:
287 3531 352 3594 ίθὼν
373 3527 515 3604 ἄμπελον
538 3531 635 3617 (aerei
656 3559 733 3607 τινος
754 3536 861 3614 ἐρινεοῦ
881 3537 988 3615 ὁμοίως
1009 3539 1286 3624 κατακεχυμένην,

102 3641 226 3712 θηλείαν
250 3636 308 3711 μὲν
329 3637 384 3710 τίον
407 3633 566 3717 ἄμπελον)
589 3636 696 3717 ἄρρενα
722 3641 754 3705 δέ
778 3644 843 3708 κπὲ.

146 3741 253 3809 Multo
276 3741 394 3806 melius
416 3763 455 3807 ex
478 3742 617 3809 Diodoro
640 3743 749 3812 Siculo
770 3748 829 3813 ll.
856 3751 1070 3836 suppleveris:
1094 3754 1160 3819 ίδὼν
1182 3755 1286 3835 ἄμπε-

101 3864 153 3915 λον
185 3849 294 3935 (ἕρινεῷ
326 3851 616 3928 περιπεπλεγμὲνην
649 3852 700 3916 καί
732 3854 873 3930 ἒννοιίπας
905 3859 1028 3931 θήλειαν
1052 3859 1109 3935 μὲν
1132 3858 1208 3929 εἶναι
1231 3868 1286 3942 την

101 3955 258 4040 ἄμπελον)
282 3953 390 4036 ἄρρενα
415 3954 447 4020 δὲ
471 3957 521 4020 τθν
547 3957 660 4037 ε’ρινεθν.

145 4061 299 4128 Mendosa
328 4068 402 4127 sunt
430 4065 465 4127 in
496 4063 607 4128 eodem
637 4064 707 4130 loco
736 4067 867 4132 nomina
894 4072 1020 4155 propria
1044 4070 1230 4150 Ἀρτιμίδης
1254 4083 1286 4143 et

102 4166 318 4252 Παλλᾶντιον,
343 4168 396 4233 sed
421 4169 498 4254 qnid
517 4172 560 4234 sit
578 4191 692 4236 verum
713 4174 747 4235 in
764 4193 799 4236 re
817 4175 927 4259 ignota
946 4196 1007 4239 non
1028 4177 1120 4243 facile
1139 4185 1283 4265 reperias.

147 4272 387 4341 Commemorat
397 4274 483 4339 idem
496 4275 660 4341 oraculum
670 4276 856 4344 Heraclides
868 4280 897 4342 ἐν
910 4288 980 4353 ταῖς
994 4285 1166 4360 πολιτείαις
1179 4288 1196 4372 ᾖ
1208 4289 1287 4375 100,

102 4381 155 4447 sed
167 4380 337 4445 mendosus
349 4385 382 4445 et
393 4381 528 4446 mutilus
536 4381 624 4448 locus
636 4388 684 4449 est
697 4404 798 4469 neque
811 4404 850 4448 ex
864 4404 900 4449 eo
908 4385 1285 4474 quidquamproficimus.
