3076 5004
692 282 734 354 35

116 475 177 544 ἔδει
201 476 260 550 τοδς
285 476 367 559 ἱεράς
392 476 482 559 κθραρ
506 476 675 563 (Vestales)
700 476 803 556 άννοὶς
827 478 983 556 διαμεῖναι
1008 476 1132 557 γάμων.
1178 477 1241 543 Pro
1260 477 1308 543 in·

117 589 192 670 epta
223 586 379 670 scriptura
403 588 590 655 πενταετοῦς
615 589 778 669 receptum
802 587 944 670 oportuit
967 585 1051 670 quod
1075 581 1187 650 critici
1211 588 1308 649 certa-

117 693 181 755 tim
210 697 419 776 reposuerunt
449 694 702 770 τριακονταετοῦς
733 695 765 754 et
797 711 834 755 ex
867 693 934 776 ipso
956 689 1112 778 Dionysio
1131 712 1205 778 pag.
1231 686 1306 755 379.

117 797 224 876 χρόνον
249 796 280 860 δὲ
304 804 524 871 τριακονταετῆ
547 795 648 873 μένειν
673 796 773 867 αὑτάς
798 799 970 873 eversuros
995 796 1097 872 άγνάς
1120 796 1252 879 γάμων,
1276 799 1309 861 et

119 924 158 968 ex
188 905 258 988 ipsa
288 904 336 968 rei
358 924 455 987 quam
478 908 585 968 narrat
608 908 732 967 natura.
779 901 852 967 Non
875 908 943 967 erat
966 904 1052 966 enim
1076 901 1209 967 Amulio
1231 904 1310 966 satis

118 1009 153 1072 οά
176 1009 409 1094 ρυθιιρυοααὶυνιι
433 1014 559 1074 tantum
579 1009 642 1073 sibi
665 1028 785 1072 cavere.
811 1006 851 1071 ef.
876 1012 908 1072 et
930 1028 1005 1096 pag.
1027 1006 1104 1072 382.
1126 1008 1183 1071 ubi
1203 1005 1311 1072 Vesta·

117 1113 162 1178 lis
192 1116 257 1179 ait:
290 1115 382 1182 Ἐτθα
396 1151 455 1193 -,
487 1116 511 1180 εἰ
544 1115 601 1192 μὲν
632 1114 719 1185 θσιύς
746 1112 797 1177 καὶ
822 1112 945 1184 δικαίας
971 1111 1175 1178 ἐπιτετέλεκά
1197 1135 1243 1178 σοι
1267 1112 1309 1176 τά

118 1219 186 1301 ἱεροὶ
210 1218 317 1302 χρόνον
341 1221 447 1300 θλθνου
471 1218 579 1285 δέοντα
602 1223 868 1301 τριακονταετοῦς.

166 1460 244 1549 Pag.
280 1458 356 1525 194.
390 1456 440 1533 αἶς
472 1459 745 1524 άνατέθειται
774 1462 828 1523 τοῦ
852 1457 990 1537 οὶσβέςου
1013 1458 1105 1539 πυρὸς
1129 1459 1146 1534 η
1170 1459 1311 1541 φυλακά.

119 1565 290 1632 Plebeium
322 1572 370 1632 est
401 1565 595 1631 ἀνατέθειται
628 1585 685 1651 pro
716 1565 887 1629 άνάκειται.
937 1564 1077 1630 Verbum
1101 1566 1205 1642 τίθημι
1228 1562 1314 1650 apud

119 1691 232 1738 omnes
262 1673 411 1758 probatos
439 1675 606 1759 scriptores
628 1670 725 1736 habet
748 1671 924 1756 perfeetum
947 1672 1111 1755 passivum
1139 1670 1256 1735 κεῖσθαι
1281 1675 1313 1736 et

118 1779 157 1843 in
187 1778 328 1863 simplici
359 1783 399 1871 et*
420 1781 454 1843 in
487 1779 671 1864 compositis
704 1777 869 1851 omnibus,
896 1797 958 1842 non
980 1776 1143 1841 τεθεῖσθαι.
1190 1775 1313 1841 Iterum

120 1885 169 1948 sie
200 1886 344 1969 peccavit
373 1904 448 1971 pag.
481 1881 558 1950 830.
591 1889 690 1956 κακῶς
717 1879 858 1954 άπαντες
883 1880 938 1946 ὑπ’
963 1883 1058 1947 αὐτοῦ
1081 1882 1312 1961 διατεθείμεθα,

118 2009 179 2075 pro
202 1988 392 2067 διακείμεθα.

168 2228 250 2318 Pag.
288 2227 362 2295 195.
398 2230 488 2312 θρνην
517 2227 656 2310 Φανεράν
687 2228 740 2292 οὐκ
772 2227 1137 2310 έποιεῖτο-άπθρρητον
1171 2237 1226 2294 ΔΕ
1260 2229 1312 2294 καὶ

120 2338 215 2401 τοῦτο
246 2335 469 2418 έΦυλάττεΤΟ
498 2344 557 2401 ΤΟ
583 2333 744 2413 ἔγκλημα.
793 2333 997 2421 legendum:
1024 2334 1114 2415 dp‘ylw
1139 2333 1221 2421 (μέν)
1250 2342 1314 2418 Φοι-

119 2440 211 2521 νεράι
244 2447 276 2506 et
307 2441 472 2519 ἐφύλαττε
504 2442 538 2505 τθ
575 2438 733 2520 ἔγκλημα.
780 2440 877 2506 verbo
911 2441 1034 2504 οαυιοιάθ
1070 2438 1312 2530 (φυλάττεσθαι)

118 2546 233 2613 nullus
261 2547 315 2612 hie
344 2546 434 2614 lorus
465 2552 529 2631 est,
561 2552 593 2611 et
625 2547 768 2610 οαοιιθθιινοι
799 2568 917 2610 serame
947 2547 986 2611 ab
1017 2545 1165 2611 omnibus
1196 2546 1314 2613 dieitur

120 2653 290 2734 άπθρρητον
320 2654 513 2738 φυλάττειν,
546 2657 583 2716 ut
611 2673 687 2740 pag.
721 2650 797 2719 972.
831 2653 884 2728 την
909 2651 1043 2718 διάνοιαν
1066 2651 1231 2732 άπθρρητον
1254 2658 1315 2733 Φυ·

119 2757 304 2832 λάττοντες.

169 2985 249 3073 Peg.
276 2983 350 3052 197.
376 2985 461 3051 κατά
484 2986 539 3060 την
563 2983 798 3058 συνείδησιν
821 2989 880 3048 τῶν
904 2981 1111 3064 πραχθέντων.
1141 2983 1314 3052 Sordidum

121 3098 156 3157 et
186 3094 349 3159 novicium
380 3090 574 3158 vocabulum
606 3095 654 3156 esi
687 3092 703 3166 η
737 3089 902 3165 συνείδησις
937 3096 1045 3155 eontra
1072 3090 1252 3180 analogiam
1275 3114 1314 3159 ex

122 3198 288 3263 συνειδέναι
324 3198 506 3264 formatum.
565 3195 694 3262 Veteres
729 3196 877 3261 dicebant
911 3197 945 3260 τὸ
980 3195 1122 3268 συιειδθς.
1177 3197 1314 3266 Perinde

122 3307 238 3371 vitiose
268 3303 324 3369 alii
356 3324 393 3368 ex
425 3304 579 3383 ἐνράρορα
611 3322 727 3367 nomen
758 3302 935 3382 ἐγρήγορσις
969 3300 1125 3368 finxerunt
1153 3309 1185 3369 et
1208 3307 1314 3371 πεποί-

123 3415 205 3486 θησις
230 3431 269 3476 ex
291 3408 433 3475 πέποιθα.

168 3635 248 3725 Pag.
281 3633 358 3700 202.
390 3635 432 3699 τά
464 3633 520 3711 μὲν
551 3634 586 3707 δη
619 3634 733 3718 (βρέφη
759 3635 905 3698 Romulus
928 3641 957 3698 αθ
980 3635 1102 3720 Remus)
1125 3636 1313 3716 κνυζούμενα

124 3744 209 3813 κατθι
241 3747 294 3808 τοῦ
318 3740 475 3818 τέλματος
500 3740 698 3818 ἐκυλινδεῖτο,
723 3740 855 3805 λύκαινα
881 3739 912 3805 δέ
935 3764 982 3812 τις
996 3750 1089 3822 -τῇ
1113 3742 1239 3824 γλάττη
1261 3745 1313 3808 τὸν

123 3851 221 3924 πηλὸν
252 3845 273 3930 ᾧ
302 3846 476 3912 κατάπλεοι
507 3841 583 3919 ἦσαν
614 3846 799 3927 άπελίχμα.
847 3845 949 3913 Serib.
974 3847 1313 3929 κνυζΩμενα-ἕκΑ-

123 3955 254 4022 λινδεῑτο
268 3991 310 4004 -
324 3952 526 4018 κατάπλεΩΙ
552 3959 584 4018 et
608 3955 856 4033 άπελιχμῖιΤΟ.

169 4181 251 4269 Peg.
285 4176 363 4244 203.
390 4178 475 4242 εἰκὼν
499 4185 599 4243 κεῖται
623 4182 676 4242 τοῦ
701 4177 815 4250 πάθους
838 4178 973 4244 λθκαινα
998 4179 1128 4253 παιδίοις
1152 4180 1218 4246 δυσὶ
1242 4183 1313 4255 τοὺς

126 4288 246 4364 μαςοὺς
277 4288 501 4366 ἘΠΙΟχοῦσοα
550 4283 627 4365 Quis
655 4305 718 4350 non
743 4307 834 4371 saepe
857 4287 941 4352 vidit
964 4287 1195 4352 eiusdemmodi
1218 4291 1314 4354 simu·

125 4390 269 4459 laetuml
309 4390 378 4457 eeu
402 4393 605 4477 perspicuum
623 4394 677 4483 'est
693 4415 837 4476 ροοαιοιοσ
859 4394 978 4477 requiri
1000 4415 1137 4457 ααιαιοιαο
1146 4397 1313 4488 praeseus,
