3076 5004
801 296 863 376 128

233 521 334 573 σοντες
360 496 539 580 έλευύεριόιν.
565 520 640 589 pag.
654 497 733 565 803.
759 495 879 580 προύξοιν
901 493 1063 566 ύπύςοισιν.
1089 520 1161 589 pag.
1176 496 1251 566 865.
1279 494 1426 581 πούττιον

233 607 425 687 nonme..
451 626 523 693 pag.
540 604 615 673 721.
640 605 787 686 πράττειν
810 605 987 680 ὑννοιςεέοον,
1011 610 1043 671 et
1066 614 1211 671 nostrum
1234 628 1309 695 pag.
1325 605 1424 672 1031.

234 715 337 800 νιρύφςι
361 737 395 780 τε
419 713 454 788 δὴ
479 711 609 791 πέμπον
623 751 664 762 -
677 713 763 785 τινὰς
784 709 883 777 έπειύε
903 712 1015 793 Φιλύοιν
1032 711 1179 794 προύττειν
1198 721 1269 788 τοιῒς
1287 711 1422 780 πύλεσιν.

277 957 358 1044 Peg.
386 953 618 1020 1202-1203.
642 954 869 1027 καταλιπόντες
903 955 1011 1040 οιύτὺν
1026 953 1186 1042 (patriam)
1211 955 1246 1021 τὸ
1270 941 1344 1033 γοῦν
1367 950 1423 1036 ἐφ’

235 1064 305 1142 ὑμῖν
335 1060 441 1142 έονμον
474 1056 551 1127 εἶνοιι
588 1061 640 1126 κού
676 1061 860 1141 μνλύβοτον.
913 1061 1041 1128 Dicitur
1074 1059 1194 1128 Graece
1234 1067 1424 1127 κοιτοιλιπεΐν
1514 1141 1518 1145 ‚

233 1167 355 1253 έοιιιιον,
379 1188 442 1233 non
466 1169 573 1249 ἔρημον
597 1163 682 1233 εἷνιιι.
730 1168 802 1233 Duo
825 1167 980 1234 voeabula
1008 1170 1198 1254 transposita
1222 1173 1297 1232 sunt
1322 1172 1354 1232 et
1378 1166 1425 1232 le-

231 1275 389 1364 gendum:
424 1276 459 1340 τὺ
491 1279 565 1352 γοῦν
597 1273 650 1354 ἐφ’
684 1274 755 1351 ὑμῖν
787 1268 864 1339 εἷνοιι
895 1272 1020 1352 ἔρημον,
1054 1280 1092 1339 ut
1123 1273 1296 1360 Dionysius
1319 1271 1422 1349 solet,

230 1380 335 1449 veluti
358 1403 432 1470 pag.
461 1379 557 1446 1243.
590 1380 626 1445 τύ
650 1380 685 1460 γ’
714 1380 766 1462 ἐφ’
791 1375 960 1456 ἡμῖνέἷνοιι
983 1380 1082 1462 μέρος.
1107 1401 1181 1468 pag.
1206 1378 1301 1446 1409.
1328 1377 1364 1444 τύ
1388 1381 1424 1459 γ’

231 1486 282 1554 ἐπὶ
307 1493 412 1553 τοῦτον
438 1483 513 1552 εἷνοιι
545 1485 643 1567 μέρος.
676 1507 750 1573 pag.
776 1484 874 1551 2062.
908 1485 942 1551 τύ
967 1487 1023 1565 μὲν
1048 1486 1100 1567 ἐφ’
1124 1488 1196 1564 ὑμῖν
1220 1485 1297 1551 οἶνοι
1320 1484 1423 1566 μέρος.

231 1594 364 1660 Omittit
394 1588 471 1658 εἷνοιι
506 1614 580 1679 pag.
615 1589 712 1658 1760.
746 1591 781 1656 τύ
812 1597 887 1671 γοῦν
919 1593 971 1671 ἐφ’
1005 1593 1126 1665 ἕοιυτοῖς
1156 1591 1256 1675 μέρος.
1304 1589 1358 1658 Sic
1387 1592 1425 1656 in

231 1699 382 1786 (Dionis.)
408 1698 597 1764 Corinthiaco
620 1697 756 1786 legitur:
782 1700 815 1764 τὸ
841 1697 891 1763 ἐπὶ
917 1699 1033 1772 τούτοις
1057 1695 1145 1764 εἷνοιι.

273 1941 354 2030 Peg.
387 1939 486 2007 1203.
515 1946 630 2013 σιωπῆς
662 1940 694 2005 δὲ
726 1939 889 2019 γενομένης
923 1939 1026 2016 ἐπειδὴ
1056 1938 1172 2014 πύντες
1197 1940 1240 2012 εἷς
1264 1937 1423 2012 ύλλύλονς

229 2046 685 2128 ἀπέβλεπον-προσέρχεται
718 2048 805 2113 κοιτὺ
834 2049 893 2120 τοὶς
923 2046 1107 2128 ὑποσχέσεις
1139 2045 1266 2120 Λεύκιος
1301 2044 1422 2117 Ἰούνιος

230 2154 350 2224 ἐκεῖνος.
382 2152 420 2217 Ιι.
452 2152 563 2219 Iunius
593 2156 628 2218 in
659 2155 806 2219 concione
831 2153 954 2220 aderat:
979 2156 1087 2239 itaque
1110 2174 1173 2219 non
1197 2151 1423 2234 προσέρχεται,

230 2259 285 2327 sed
309 2257 523 2343 ΠΑΡέοχετοιι
542 2261 649 2344 prodit
673 2260 901 2326 addicendum.

274 2484 354 2574 Peg.
380 2483 479 2550 1204.
511 2486 536 2549 εἱ
560 2485 612 2550 κού
637 2487 681 2564 μέν
706 2486 847 2569 πρότερον
870 2485 1103 2566 έννοιτε-νὺν
1125 2511 1165 2566 γε
1184 2485 1266 2562 Ἤδη
1289 2484 1423 2565 μούύετε.

228 2592 318 2658 Nono
340 2593 442 2656 ιούύοιιι
464 2592 587 2671 discite,
613 2594 735 2679 inquit;
761 2595 795 2660 id
818 2599 865 2660 eut
888 2599 938 2659 νύν
961 2618 1001 2672 γε
1027 2603 1084 2660 ΔΗ
1108 2591 1235 2674 μύύετε.

273 2819 354 2908 Peg.
400 2815 500 2884 1209.
545 2817 694 2892 κινδύνους
733 2819 770 2885 δι’
807 2821 888 2899 ὑμῖις
924 2821 972 2861 *³¹²
1006 2821 1215 2899 νιντλύσιιμεν.
1263 2819 1424 2906 Suppleut

227 2926 512 3004 ἈΝνντλύσοιςοεν
559 2924 680 2991 Melius
702 2926 834 2992 fortasse
856 2930 904 2992 est
929 2928 1179 3008 ΔΙνντλύσοιμεν.

273 3153 354 3240 Peg.
387 3150 486 3217 1216.
520 3149 734 3231 ποοιιύλνςιμοο
765 3159 821 3227 τῆς
853 3150 979 3227 ύπούτνς
1012 3149 1365 3239 Μύνιον-ιύρεΕΘΕ,
1397 3150 1421 3237 ᾦ

228 3258 432 3330 πιςεύσοιντες
452 3258 514 3322 κτέ.
548 3257 652 3323 Nemo
672 3263 777 3343 potest
796 3258 1010 3338 ποοιιύλνμμοι
1030 3268 1086 3335 τῆς
1106 3258 1233 3348 ύπούτνς
1251 3259 1421 3340 stoicem

226 3364 399 3448 impetrare,
430 3363 577 3441 obtinere,
611 3364 665 3428 sed
696 3364 821 3442 εὑοΕΙΝ
852 3367 1000 3450 reperire,
1035 3367 1241 3452 quamobrem
1273 3365 1366 3448 εὑοεύ
1397 3364 1419 3449 ᾧ

225 3469 440 3556 reponendum
470 3475 526 3534 eut.
574 3467 671 3534 Haud
705 3471 886 3558 infrequens
916 3476 951 3537 in
980 3473 1071 3538 libris
1102 3473 1154 3538 hio
1186 3494 1271 3540 error
1302 3479 1350 3540 est
1381 3479 1420 3540 ut

226 3575 423 3642 ostendimus
445 3577 480 3640 in
509 3575 578 3640 Ver.
604 3575 699 3641 Ιιοονύ.
723 3599 796 3666 pag.
822 3577 898 3645 200.

270 3787 352 3874 Peg.
392 3783 491 3853 1217.
527 3782 577 3850 ἵνοο
612 3785 786 3864 ποοοέλύντε
817 3787 877 3859 τοὶς
910 3787 1094 3868 ὑποσχέσεις
1125 3786 1224 3868 ύσπερ
1258 3788 1291 3863 ἐξ
1315 3791 1419 3872 ούρχῆς

226 3891 382 3971 διέγνωτε.
416 3891 568 3957 Promissa
587 3892 706 3957 eludere
724 3893 814 3959 nullo
834 3895 928 3960 modo
949 3896 1013 3961 dici
1032 3900 1137 3980 potest
1156 3898 1214 3968 τοὶς
1233 3896 1419 3977 ὑποσχέσεις

225 3997 385 4081 ποιριένιιι,
409 3997 464 4064 sed
488 3998 565 4083 quid
588 3996 688 4063 lateat
711 4001 745 4063 in
768 4010 1030 4068 ΠΑΡΕΛΘΗΤΕ
1054 4001 1172 4068 frustra
1196 4005 1350 4089 quaesivi.

269 4208 349 4297 Peg.
384 4204 483 4274 1217.
518 4207 572 4271 ούκ
597 4206 901 4291 Ἠξιοὺςιεν-ποὸς
925 4211 1297 4292 ἱκεσίοις-προτένθαι.
1346 4212 1420 4280 Ma·

223 4317 377 4384 nifeotum
408 4319 456 4380 est
486 4314 524 4379 de
548 4317 704 4399 praesenti
733 4323 875 4404 tempore
906 4319 984 4386 haee
1015 4320 1079 4384 dioi
1107 4324 1139 4384 et
1163 4317 1325 4397 ’Λξιοῦμεν
1351 4341 1419 4387 esse

225 4443 348 4495 verum.
