3076 5004
691 281 754 354 tes

170 464 249 564 Peg.
277 476 375 543 1612.
401 476 517 560 ἔχομεν
541 477 605 556 γάρ
630 477 743 548 αύταῖς
765 484 984 557 μαρτυρεῖν-
998 473 1134 557 συνεχύς
1157 502 1193 543 τε
1214 491 1315 560 παρα·

93 582 300 660 γινομέναις
332 583 403 664 πρθς
429 586 513 664 ιίμάς
538 583 590 650 καί
616 581 907 664 παραμυθουμέναις
933 591 1003 656 ταῖς
1028 591 1205 665 συμφοραῖς
1229 587 1312 664 ἡμῶν

93 689 176 755 καί
207 691 451 769 συναλγούσαις.
497 689 627 757 Delevit
657 688 770 755 Editor
793 690 864 771 πρὸς
889 692 973 768 ἧμῖις
996 689 1049 754 καί
1073 690 1313 773 παραμυθουμέ-

92 818 206 872 ναις,
231 797 308 881 quia
330 795 468 864 Urbinas
491 819 528 864 aa
550 797 649 864 verba
671 798 805 861 omittit.
842 794 904 862 Sed
928 798 1004 882 quia
1026 799 1135 862 omitti
1157 820 1221 866 non
1243 820 1314 884 pos·

93 911 197 969 sunt
220 903 300 969 satis
323 909 372 968 est
394 903 450 969 καί
467 910 671 990 transponere
691 905 725 968 in
744 903 829 969 hunc
849 903 999 968 modum:
1021 905 1313 985 παραμυθουμέναις

98 1009 174 1075 καί
199 1015 271 1081 ταῖς
295 1017 471 1093 συμφοραῖς
496 1014 580 1090 ἡμῶν
603 1011 846 1088 συναλγούσαις.

166 1252 247 1340 Peg.
284 1249 381 1317 1614.
414 1252 469 1316 εὀἰν
501 1252 665 1316 δὲ-πῖιν
696 1252 793 1318 ὁτιοῦν
825 1249 962 1332 πάσχειν
995 1251 1165 1331 ὑπομένωσι
1188 1253 1314 1337 φυλάτ·

105 1383 226 1431 ’σοντες
249 1360 284 1423 τὸ
309 1357 460 1433 αύθαδες,
485 1359 614 1431 ἐκείνους
635 1359 809 1424 αἰτιάΟΘΕ
828 1363 885 1423 τῶν
906 1358 1173 1441 καταληψομένων
1193 1367 1311 1438 κακῶν,

114 1477 180 1534 OT
201 1464 360 1543 Μάρκιον,
375 1503 417 1514 -
430 1465 495 1530 οὐδὲ
520 1463 626 1530 άλλων
648 1465 808 1544 άνθρύπων
831 1462 949 1530 οὐδένα.
988 1465 1163 1552 Dionysius
1185 1466 1314 1532 dederat

116 1575 327 1639 αἰτιάεθσθε.
375 1568 460 1647 Gur,
494 1573 635 1657 inquies,
668 1574 862 1656 imperativo
892 1573 943 1635 uti
973 1592 1035 1636 non
1059 1571 1186 1657 potuit?
1233 1570 1316 1652 Quia

119 1682 267 1766 sequitur
289 1680 341 1763 ού,
364 1678 431 1743 οὐδὲ
446 1716 486 1727 -
501 1675 627 1761 οὐδένα,
650 1698 714 1743 non
736 1679 790 1756 μή.
828 1678 870 1743 Εἰ
893 1684 942 1743 est
961 1678 1110 1743 futurum
1130 1679 1314 1758 αἰτιάσομαι

121 1788 158 1851 in
179 1785 238 1852 tali
261 1786 401 1851 oratione
424 1787 594 1850 usitatum.
620 1782 852 1869 Aristophanes
874 1784 954 1848 Ναί.
982 1781 1080 1848 1433.

214 1892 287 1973 πρὸς
310 1895 415 1956 ταῦτα
439 1890 484 1968 μίν
508 1889 615 1968 τύπτ’,
639 1891 665 1956 εἰ
691 1889 722 1954 δέ
746 1894 790 1968 μίρ
815 1890 927 1956 σαυτίν
952 1891 1022 1955 ποτ’
1046 1888 1195 1957 αἰτιάσει.

169 1998 262 2065 Plato
297 1997 414 2062 Theuet.
448 2017 522 2085 pag.
562 1994 679 2061 168.ο.
715 1995 754 2061 άν
787 1997 844 2075 μέν
875 1999 938 2077 γάρ
968 1994 1045 2062 οὕτω
1078 2006 1163 2079 ποιῇς
1187 1998 1314 2070 ἑαυτούς

128 2105 321 2171 αἰτιάσονται
345 2113 401 2180 τῆς
425 2103 526 2168 αὑτῶν
551 2111 695 2184 ταραχῆς
720 2103 772 2168 καί
798 2102 939 2184 οἰπορίας.
964 2108 996 2168 et
1019 2105 1146 2189 saepius
1168 2104 1259 2171 alibi.

168 2213 336 2278 Praeterea
358 2211 459 2276 scribe
482 2209 548 2274 οὐδὲ
573 2211 657 2297 (τῶν)
680 2208 785 2276 ἄλλων
808 2209 966 2290 άνθρύποιν
990 2208 1106 2274 οὐδένα.

169 2452 248 2544 Peg.
275 2453 374 2521 1618.
404 2453 457 2519 καί
481 2448 591 2521 τάλλα
617 2449 676 2519 άσα
690 2491 731 2503 -
745 2453 950 2529 παιδεύματα
973 2448 1098 2530 εύριρται
1122 2450 1241 2538 λέγων,
1266 2449 1315 2527 οὓς

129 2563 211 2639 ὑμεῖς
242 2562 268 2626 οί
298 2563 341 2628 τά
371 2562 517 2627 πολιτικά
542 2561 731 2642 πράττοντες
755 2558 880 2636 μάλιςα
905 2558 1130 2647 (σπουδάζετε).
1179 2556 1313 2626 certum

129 2674 173 2734 est
201 2668 355 2734 excidisse
384 2668 538 2746 verbum,
569 2669 625 2734 sed
657 2668 740 2754 quod
769 2666 911 2732 Sintenis
937 2665 1100 2751 supplevit
1121 2664 1313 2747 σπουδάζετε

128 2795 186 2842 non
217 2781 266 2843 est
295 2775 465 2840 idoneum:
499 2774 648 2840 dicebant
678 2775 765 2840 enim
789 2772 856 2852 περί
880 2767 929 2844 οὓς
953 2770 1154 2851 σπουδάζετε.
1201 2770 1314 2858 Itaque

128 2882 268 2966 suspicor
289 2875 338 2954 οὓς
355 2919 395 2930 -
409 2879 536 2958 μάλιςα
561 2881 716 2967 (άσκείτε)
741 2879 821 2946 olim
844 2882 1000 2965 scriptum
1024 2878 1132 2944 fuisse.

167 3107 249 3198 Pag.
267 3107 366 3175 1621.
382 3105 502 3173 σπάνιοι
515 3106 551 3182 δύ
562 3107 641 3182 τινές
654 3109 747 3192 εἰσιν,
760 3101 803 3178 οίς
815 3093 868 3173 ούκ
880 3104 1067 3171 άντέπνευσε
1082 3141 1124 3153 -
1137 3100 1253 3185 φθθνος
1269 3142 1311 3154 -

122 3216 270 3283 attane.
317 3215 424 3282 Dones
454 3217 631 3300 reperiatur
661 3216 739 3300 quid
770 3217 813 3280 sit
844 3214 1000 3278 άντιπνεῖν
1029 3211 1160 3296 άδίκυς,
1192 3212 1315 3278 interea

123 3323 382 3389 existimabimus
414 3317 543 3386 άδικοο
574 3341 641 3388 esse
671 3342 802 3405 verum,
835 3320 920 3405 quod
951 3320 1068 3386 diserte
1097 3321 1133 3384 in
1159 3317 1315 3385 Urbinate

123 3431 361 3514 scriptumest

169 3651 248 3745 Paga
282 3656 378 3722 1630.
412 3652 445 3722 ού
476 3657 540 3736 γάρ
568 3652 746 3735 eniterer
772 3653 941 3735 Οὐετουρία
964 3656 1019 3732 τὴν
1044 3651 1140 3731 δεινίιν
1164 3656 1216 3724 καί
1241 3656 1313 3731 οίνύ·

127 3783 211 3832 κεςον
249 3760 584 3844 ὕβριν-ὑβρισθεῖσα
617 3762 670 3828 τίν
701 3760 849 3844 ἕλάχιςον
880 3762 990 3840 βιῶναι
1020 3761 1144 3848 χρύνον,
1176 3762 1253 3830 άλλ’
1285 3764 1316 3828 έν

127 3879 188 3942 τοῖς
221 3870 368 3936 άπάντιιν
390 3907 431 3920 -
452 3868 590 3949 ίμμασιν
628 3870 765 3945 έμαυτίρν
799 3868 1057 3949 διαχρθσΟΜΑΙ.
1117 3868 1316 3958 Iniessigisne

127 3974 312 4052 άνέξΟΜΛΙ
345 3997 459 4044 verum
490 3974 579 4042 esse?
621 3975 751 4042 Similes
780 3976 816 4041 in
842 3974 905 4042 tali
932 3996 966 4042 re
995 3994 1115 4041 errores
1137 3977 1317 4064 complures

128 4083 344 4150 indicavimus
368 4085 402 4148 in
422 4083 500 4148 Νοο.
525 4083 618 4148 Lecti.
643 4103 717 4171 pag.
744 4079 808 4149 197
833 4103 901 4169 sqq.

172 4309 253 4402 Pag.
289 4310 385 4380 1632.
418 4313 608 4392 άναιιίμενος
633 4313 667 4380 έκ
691 4315 744 4378 τοῦ
768 4311 874 4396 δίφρου
899 4311 937 4377 de
960 4331 1049 4378 more
1071 4309 1187 4378 vitiose
1209 4312 1320 4380 scribi-

130 4423 183 4487 tur
205 4441 263 4509 pro
286 4419 493 4500 άναλάμενος.
