3076 5004
699 292 763 360 101

183 486 265 576 Peg.
288 483 365 553 945.
390 486 501 552 θᾶττον
524 483 541 559 ή
566 481 667 563 βοθδήν
692 483 861 566 οθνεχθρονν
885 481 1002 555 -Τθωο
1026 483 1070 555 εἷς
1093 478 1221 563 δρυμοὺς
1246 480 1323 564 ἄφθ-

135 617 224 661 νιοντο
253 592 373 672 βαθεῖς.
420 591 535 678 Turpis
565 590 770 657 soloecismus
793 610 850 678 pro
872 588 977 664 ‘ene
1025 586 1136 656 Scriba
1158 587 1323 655 Urbinatis

135 701 274 766 correxit
297 719 434 766 errorem
457 718 570 776 suum,
595 696 651 762 sed
674 696 800 763 frustra.

183 908 263 997 Peg.
308 904 383 972 948.
426 912 530 973 ταῦτα
568 906 600 971 δὲ
636 908 825 982 ποιήσαντας
862 905 942 983 ήκειν
977 903 1050 969 τθτε
1067 941 1104 953 -
1119 904 1324 982 δεησομένους.

137 1013 241 1081 Verus
263 1019 296 1080 ol
320 1019 489 1080 consuetus
515 1014 590 1080 ordo
614 1018 662 1079 est
685 1013 756 1078 τθτε
781 1010 880 1090 ήκειν,
905 1016 943 1076 ut
965 1030 1038 1097 pag.
1063 1006 1138 1077 973.
1163 1012 1238 1085 πέος
1262 1035 1328 1078 πα·

139 1120 251 1202 ρέλκονν
282 1120 337 1195 τήν
368 1119 525 1200 οθπθνρισιν
555 1119 626 1185 τθτε
656 1120 837 1197 εἰσαγαγὼν
851 1156 892 1165 -
906 1115 1112 1196 ιθποκρθνεται.
1142 1139 1216 1206 pag.
1248 1116 1325 1185 988.

141 1225 282 1292 ἐκέλευσε
314 1225 357 1290 τοὶ
388 1222 472 1290 θπλα
508 1225 762 1304 οξποθεριὲνοις-
777 1223 848 1289 τθτε
883 1223 1082 1301 διαλέγεσθον
1117 1223 1189 1303 πρδρ
1213 1210 1328 1292 Ιαθτθ.

139 1353 215 1421 pag.
239 1331 317 1397 995.
342 1329 560 1408 σννεβοθλενον
583 1333 689 1407 αὐτοῖς
714 1330 861 1397 ἀποδοῦσι
884 1331 939 1405 τήν
961 1327 1067 1412 χώραν
1090 1328 1161 1396 τότε
1176 1331 1328 1397 -οὶπονν

140 1445 206 1504 τεῒν
228 1438 270 1504 τοὶ
294 1437 412 1504 δθνιαινι.

188 1645 268 1734 Peg.
301 1646 378 1712 951.
411 1649 428 1724 ή
460 1645 605 1727 ε’ροτειρθα
631 1646 717 1711 δὲ-
734 1648 849 1721 παντὸς
872 1646 1028 1725 Ἐπήγετο
1052 1647 1146 1712 δεινοῦ
1170 1643 1330 1731 καταφρο·

141 1761 215 1819 νεῖν.
263 1753 389 1819 Iterum
421 1754 557 1833 ἐπήγετο
589 1759 621 1820 et
645 1753 805 1833 ’Τπήγετο
828 1756 935 1820 conire
957 1754 1119 1840 scriptoris
1140 1757 1331 1822 sententiam

142 1859 272 1925 confusa
294 1861 394 1927 vides.

188 2070 268 2159 Peg.
295 2069 369 2136 951.
401 2071 683 2152 οθναρρθσασθαι
708 2072 762 2146 τήν
787 2069 934 2152 προτέραν
958 2066 1055 2146 ήτταν
1078 2071 1330 2152 προθυμούμενος.
1373 2148 1377 2157 ,

142 2176 235 2256 Quod
257 2176 431 2265 Dionysius
455 2182 561 2264 aperte
585 2178 664 2243 dicit
688 2175 808 2244 Graece
832 2176 1010 2264 appellatur
1032 2179 1331 2255 διαλύσασθαιτὴν

138 2279 251 2358 ήτταν.
279 2288 317 2348 ul
345 2303 419 2371 pag.
446 2281 545 2348 1146.
577 2282 715 2364 ζητοῦσιν
739 2283 956 2349 ἀναλύσασθαι
980 2282 1039 2355 τοὶς
1062 2283 1233 2366 οὲμοιρτθας.
1255 2306 1330 2374 pag.

141 2388 242 2458 1879.
267 2389 412 2472 αἷσχιςσν
436 2387 523 2471 ἔργον
547 2390 764 2456 ἀναλύσασθαι
789 2391 876 2470 καλῷ
899 2390 1006 2467 οἱγῶνι.

187 2598 398 2667 Memorabile
421 2588 580 2667 emblema
605 2601 801 2686 optimorum
825 2599 981 2664 librorum
1003 2598 1121 2665 indicio
1141 2597 1330 2685 deprensum

141 2710 191 2772 eet
219 2727 294 2794 pag.
327 2704 404 2771 952.
434 2706 609 2794 Dionysius
643 2709 827 2792 scripserat:
856 2709 926 2790 ρ’ρῖον
949 2705 1013 2785 γὰρ
1035 2707 1061 2770 οἱ
1084 2706 1255 2789 φεύγοντες
1278 2711 1328 2776 ἐπὶ

141 2811 185 2877 τθι
208 2815 347 2893 σφέτεροι
371 2809 512 2892 ἐσώζοντο
537 2811 577 2879 δι’
603 2813 765 2893 ἒμπειρθαν
789 2819 847 2878 τῶν
871 2812 951 2878 σ’δῶν.
1000 2810 1110 2877 Voluit
1130 2815 1235 2880 nescio
1259 2819 1329 2900 quis

143 2915 301 3002 explicere
325 2919 402 3002 quid
424 2920 486 2984 sibi
508 2918 605 2985 vellet
628 2923 697 3003 ρ’ρϊον
721 2925 752 2984 et
778 2919 961 3004 adscripsit:
988 2919 1018 3003 [ἢ
1042 2918 1067 2983 οἱ
1092 2918 1246 2994 διώκοντες
1269 2947 1328 2988 κα·

142 3021 346 3101 πελνθμβοινον
379 3022 417 3089 δι’
443 3024 586 3102 οἱπειρθαν
610 3031 669 3089 τῶν
693 3023 854 3108 διεξθδσνν].
901 3023 1005 3104 Quem
1028 3023 1132 3090 multe
1155 3026 1193 3092 de
1215 3050 1330 3116 genere

142 3127 202 3195 hoo
234 3130 319 3215 opud
351 3129 572 3218 Thucydidem
600 3131 758 3217 adscripta
782 3132 821 3197 od
845 3135 967 3210 ριῖνλλον
990 3134 1022 3196 et
1045 3133 1077 3196 od
1100 3135 1223 3211 μᾶλλον
1244 3158 1329 3203 nuno

143 3255 201 3320 pro
224 3233 440 3324 Thucydideis
462 3236 624 3325 leguntur.

188 3445 268 3534 Peg.
294 3442 370 3515 957.
395 3444 538 3520 πλούσιθς
560 3447 621 3516 θςιν
641 3449 702 3529 οὐχ
723 3448 737 3512 θ
757 3444 862 3512 πολλοὶ
882 3444 1066 3524 κεκτημένος
1087 3446 1164 3512 ἀλλ’
1184 3449 1198 3514 θ
1216 3457 1328 3533 μικρῶν

145 3550 350 3631 δεΗοθμενσο.
398 3551 566 3639 Perinepie
587 3556 621 3618 in
644 3553 830 3619 huiusmodi
850 3554 1005 3618 eontentio
1024 3552 1170 3618 futurum
1189 3560 1328 3641 ponitur.

144 3658 349 3747 Legendum:
373 3658 387 3724 θ
411 3665 523 3741 μικρῶν
547 3658 695 3738 δεθμενοο.

188 3869 270 3959 Peg.
294 3865 371 3936 957.
397 3868 544 3935 Valerius
566 3867 730 3954 Poplicola
753 3870 788 3933 in
807 3873 896 3933 tento
912 3871 1097 3953 paupertate
1116 3874 1262 3939 mortuus
1282 3881 1330 3943 est

144 3980 182 4042 ut
210 3981 336 4043 sumtus
366 3976 470 4042 funeri
493 3995 555 4039 non
579 3978 766 4060 suppeteret.
815 3973 885 4040 Hoo
908 3995 982 4041 vero
1006 3968 1241 4042 ostnordroni
1264 3980 1330 4046 οὐδὲ

144 4087 297 4164 ταφῆναι.
345 4083 520 4168 Propinqui
551 4081 654 4168 igitur
686 4082 776 4146 tenui
806 4081 915 4146 funere
946 4080 1052 4146 efferre
1073 4085 1199 4147 tantum
1222 4087 1330 4151 virum

143 4188 313 4272 parebant:
338 4191 354 4263 ή
379 4189 482 4263 μέντοι
507 4186 606 4265 βουλή
632 4186 775 4264 μαθοῦσα
798 4190 836 4258 ὡς
856 4183 943 4266 εἶχεν
962 4189 1066 4256 αὐτοῖς
1087 4187 1129 4251 τθν
1149 4189 1330 4268 πράγματα

146 4291 292 4380 [θτθρος]
323 4293 464 4360 decrevit
495 4297 532 4358 ut
563 4292 666 4358 funeri
697 4299 823 4358 sumtus
854 4313 893 4358 ex
923 4296 1042 4359 aerario
1072 4295 1329 4371 attribuerentur.

52 4410 56 4415 '
145 4398 261 4485 ιὀτθρννο
286 4400 392 4486 inepte
417 4398 564 4467 additum
587 4398 792 4465 resecandum
816 4402 873 4465 esi.
