3076 5004
709 316 774 386 129

190 512 273 602 Peg.
312 509 409 577 1223.
454 512 478 576 οἱ
513 508 624 588 μὲν-
640 510 697 575 ὑπὸ
732 508 887 585 πολεμίων
922 507 1139 588 ἐξηλαύνοντο,
1177 512 1264 593 ἡμεῖς
1299 512 1328 582 θ’

140 618 278 687 αὖτθθεν
301 620 360 687 dcl
383 619 494 701 Φίλων.
541 615 689 683 Ridicule
712 637 768 703 pro
793 617 849 682 ὑπὸ
874 616 984 700 Φιλίιον
1008 642 1026 681 α
1050 622 1169 686 nostris.

189 833 269 922 Peg.
297 829 395 898 1224.
420 829 502 902 θεοὺς
526 825 804 909 ἐπιμαρτυράμενοι
820 867 858 878 -
874 821 901 894 oi
924 830 967 894 τά
991 831 1083 905 θνντά
1109 832 1216 900 πάντα
1243 839 1328 905 κατὰ

139 940 226 1015 δίκην
249 937 389 1018 άρουτιν.
435 936 598 1022 Expressit
620 935 794 1023 Dionysius
817 935 1011 1003 celebratum
1035 939 1199 1026 Euripidis
1221 943 1328 1011 locum

141 1047 253 1113 Τνοοιί.
276 1043 354 1111 880.

738 1148 846 1216 τάντα
872 1150 934 1232 γάρ
955 1151 993 1218 δι’
1016 1153 1144 1236 άψίφου

345 1259 460 1338 βαίνων
483 1255 625 1323 κελεύθου
650 1254 735 1322 κατά
759 1254 841 1330 δίκην
866 1258 909 1323 τά
932 1260 1012 1334 θνήτ’
1039 1258 1139 1339 ἄγεις.

186 1473 267 1562 Ρθε·
294 1469 391 1536 1225·
416 1468 510 1541 tdlflt
536 1463 569 1542 tv
593 1469 692 1547 ΐδθθθς
717 1464 810 1539 οὕτως
835 1467 889 1542 τίον
914 1467 1046 1534 διάνοιαν
1066 1467 1095 1543 te
1116 1475 1168 1539 οὐκ
1189 1475 1327 1556 ἐξεχεῖτο

138 1587 203 1650 τοῖς
237 1578 389 1658 δάκρυσιν.
437 1574 506 1655 Quo
538 1574 664 1639 tandem
696 1579 788 1658 pacto
817 1574 880 1639 dici
903 1583 1006 1660 potest
1030 1577 1068 1642 de
1091 1599 1127 1644 eu
1151 1582 1204 1666 qui
1227 1584 1261 1647 ιίι
1284 1587 1328 1648 l-

137 1709 253 1770 ονριαιυν
284 1683 411 1768 erumpit
441 1682 584 1764 ἐκχεῖται
615 1688 678 1751 τοῖς
709 1677 868 1760 δάνρυσινί
924 1680 1012 1747 Ferri
1046 1694 1152 1769 posset
1186 1688 1327 1771 ἐξεχεῖτο

139 1801 207 1858 erc
231 1791 366 1872 δάκρυα.

185 2001 343 2068 Similiter
371 2020 492 2066 novum
523 2003 556 2064 et
584 1993 768 2063 inauditum
799 2003 847 2063 est
877 2019 951 2086 pag.
977 1999 1075 2068 1227.
1099 2002 1151 2066 καί
1175 2009 1325 2084 τοιούτους

139 2109 226 2179 τινάς
260 2105 374 2178 ἄλλους
407 2106 611 2180 καθιςάμενος
644 2102 765 2181 λάρους.
813 2102 891 2183 Quis
918 2107 1003 2170 enim
1026 2128 1181 2194 umquam
1205 2115 1329 2183 audivit

141 2215 326 2284 καθίταοθαι
363 2208 497 2289 nicosa?
544 2208 655 2276 Solent
689 2215 721 2275 et
754 2207 870 2294 reliqui
905 2216 937 2277 et
966 2211 1139 2301 Dionysius
1170 2237 1205 2284 eo
1236 2242 1328 2290 sensu

140 2321 243 2389 dicere
267 2319 453 2386 διατίθεσθαι
478 2315 602 2395 λάρους.

185 2534 264 2620 Peg.
300 2528 398 2599 1227.
432 2533 485 2594 τοῦ
517 2527 652 2606 Λαρκίου
682 2535 736 2602 τῆς
768 2527 1015 2602 ἕταναΰτάοεωρ
1048 2532 1149 2597 αὐτῶν
1180 2537 1233 2601 καί
1270 2550 1325 2615 τῆς

142 2637 325 2720 τροτετείας
349 2642 406 2700 τῶν
430 2633 654 2713 βουλευμάτων
679 2633 913 2710 καθαψαμένου.
946 2635 1092 2702 Facessat
1115 2638 1231 2708 Portus
1250 2666 1325 2712 cum

142 2765 198 2811 suo
228 2743 486 2813 Ἀταναςάτεως.
535 2741 664 2806 secessio
692 2741 871 2826 appellatur
900 2742 1054 2815 άτθςαοις
1087 2751 1120 2811 et
1154 2752 1327 2834 requiritur

141 2872 254 2918 nomen
293 2852 338 2916 rei
380 2848 504 2914 odiosae
543 2868 622 2934 quae
657 2868 732 2912 cum
768 2849 952 2928 τροτετείαο
988 2850 1067 2916 bene
1101 2857 1324 2943 coniungatur.

140 2957 277 3024 Exemta
295 2975 360 3021 una
378 2954 509 3021 literula
528 2955 629 3020 scribe
650 2956 903 3029 ἑταναΤάοεως,
926 2957 1009 3041 quod
1030 2959 1105 3042 quid
1125 2963 1168 3025 sit
1188 2968 1219 3027 et
1232 2985 1327 3049 quam

139 3064 232 3131 facile
251 3065 285 3129 in
309 3061 531 3135 ἐταναςάοεως
556 3061 633 3127 olim
658 3070 910 3128 commutaretur
932 3063 1111 3130 luculenter
1133 3066 1329 3138 demonstra·

139 3172 189 3237 rit
211 3166 414 3236 Gasaubonns
438 3168 478 3233 ad
501 3168 702 3234 Athenaeum
726 3166 779 3232 IV.
806 3169 857 3233 14.
885 3189 957 3256 pag.
984 3191 1027 3235 m.
1053 3168 1129 3236 285.

184 3276 305 3344 Eodem
338 3297 441 3342 errore
474 3277 508 3340 in
540 3276 629 3339 libris
662 3275 811 3340 scribitur
845 3294 918 3361 pag.
959 3273 1056 3343 1746.
1095 3281 1229 3355 άτειλάο
1271 3287 1324 3351 καί

138 3383 327 3453 άναοτάσεις
358 3403 415 3468 pro
444 3382 623 3454 άνατάοεις.
648 3381 687 3445 cf.
713 3381 812 3445 etiam
835 3402 908 3469 pag.
936 3382 1035 3450 1150.
1060 3390 1214 3467 χαλεπάς
1238 3392 1327 3458 άπερ.

139 3489 201 3561 λάς
224 3487 524 3566 ἐπανατειναμένων.

184 3703 265 3791 Pag.
299 3698 397 3766 1229.
430 3699 444 3764 θ
475 3697 797 3771 δὲ-τιθανωτάτοις
828 3697 911 3776 ἔδοξε
945 3704 1121 3782 χρήσασθαι
1144 3707 1249 3786 noyon
1274 3712 1326 3778 καί

138 3814 192 3874 τοῦ
228 3806 515 3887 βουλεύματος
550 3812 606 3869 τῶν
643 3804 811 3870 α’κουίντων
847 3806 1078 3888 ε’ςοχαομένοις.
1138 3812 1326 3903 Lugendum

138 3918 191 3980 τοῦ
226 3913 456 3992 βουλΗματος,
492 3911 576 3996 quod
611 3913 778 3995 occupavit
814 3910 958 4001 Sylburg
1012 3914 1173 3984 Debuerat
1207 3931 1326 3991 certam

139 4022 363 4086 correctionem
386 4022 421 4084 in
444 4023 571 4083 textum
593 4020 731 4102 recipere
754 4017 883 4093 Editur,
906 4023 962 4104 qui
984 4042 1111 4106 prorsus
1133 4025 1219 4091 idem
1239 4051 1327 4096 men-

139 4126 215 4192 dum
245 4124 428 4191 felicissime
459 4124 682 4189 emendaverat
712 4143 786 4210 pag.
820 4123 885 4188 456
932 4126 989 4190 ubi
1011 4128 1045 4191 in
1070 4129 1161 4195 libris
1184 4143 1247 4198 est:
1273 4137 1323 4202 ἐτί

138 4231 174 4296 τὸ
205 4229 474 4307 βεβουλΕΎιοίνον
506 4227 671 4304 ἐλάμβανε
696 4229 738 4292 τά
764 4231 963 4307 πρασσόμενα
1006 4233 1060 4298 sed
1084 4238 1249 4305 verissime
1271 4244 1325 4318 βε-

140 4338 338 4417 antinoon
361 4337 513 4421 reposuit.
547 4333 634 4398 Idem
657 4342 705 4398 est
728 4335 811 4418 quud
831 4335 913 4402 dixit
931 4335 1158 4408 Demosthenes
1177 4365 1250 4434 pag.
1272 4346 1325 4417 33.

141 4440 155 4510 θ
178 4445 241 4528 γάρ
264 4443 414 4523 βούλεται
438 4443 527 4508 ταῦθ’
550 4438 659 4511 ἔνατος
681 4440 734 4504 καί
758 4440 864 4508 οίεται.

189 4563 257 4600 aron.
277 4563 336 4598 ιω..
1143 4558 1157 4602 ⁹
