3076 5004
692 290 734 366 61

119 513 125 527 ‘
159 490 240 580 Peg.
273 488 349 557 432.
374 489 478 568 θμείς,
503 484 524 555 ὦ
547 487 675 568 Τύλλε,
704 488 785 576 [καί]
808 497 864 565 τῆς
888 487 945 567 μὲν
972 484 1074 563 ἀλλης
1108 481 1201 569 ἀχειν
1227 482 1307 567 ἀξιοί

113 597 209 676 ἐσμεν
230 598 389 681 Ἰταλίας,
403 599 511 661 -τού
531 596 562 661 δὲ
582 595 725 663 Λατίνων
744 597 899 669 ἔθνους-
913 597 1054 674 ἡγεῖσθαι
1076 594 1251 672 δικαιοῦμεν
1265 633 1308 647 -

113 705 201 770 κατά
232 703 284 769 τὸν
315 702 409 769 κοινόν
440 702 601 783 ἀνθρώπων
631 703 731 781 νόμον.
780 702 900 770 Vitiosa
931 701 1106 768 admodum
1133 703 1168 766 in
1201 701 1312 768 huius·

113 812 205 877 modi
229 811 405 877 sententiae
428 807 675 875 conformatione
697 808 752 875 καί
776 811 998 896 praeponitur,
1023 807 1107 894 quod
1129 810 1197 874 sine
1220 825 1312 875 more

113 917 375 1007 expungendum.

163 1129 244 1217 Peg.
274 1126 352 1193 432.
384 1126 439 1192 rav
468 1125 500 1193 δὲ
514 1128 586 1202 -ἠ
617 1124 711 1207 Φύσις
742 1126 785 1191 τά
816 1125 870 1192 νέα
901 1123 981 1206 τάξη
1011 1131 1070 1191 Ιτῶν
1094 1120 1307 1205 πρεσβυτέρων

115 1232 366 1317 ἄρχειν-τότε
398 1232 451 1299 καί
484 1235 573 1309 ἡμεῖς
591 1231 747 1309 δεξόμεθα
770 1235 825 1310 roe
849 1234 1036 1314 μητρόπολιν
1062 1233 1118 1296 tra
1144 1238 1199 1305 τῆς
1223 1232 1312 1296 ἀποι·

116 1341 190 1414 κίας
221 1341 412 1420 ἀρχομένην,
444 1338 584 1419 πρότερον
607 1338 633 1404 δ’
658 1338 702 1405 ού.
751 1338 892 1428 Vulgata
914 1339 1009 1406 leotio
1032 1343 1081 1404 ost
1103 1335 1311 1414 ἈΝεξόμεθα

117 1485 163 1497 -
176 1444 350 1526 ἀρχομένην
373 1447 463 1527 όροῖν,
486 1446 625 1526 πρότερον
646 1444 672 1509 θ’
690 1445 740 1524 ού,
764 1467 844 1532 quae
864 1449 982 1533 partim
1003 1466 1079 1511 vera
1095 1446 1214 1530 partim
1233 1441 1315 1510 falso

116 1557 177 1620 est.
225 1549 380 1637 Spurium
403 1555 451 1617 est
474 1550 544 1632 θρῖον
567 1556 599 1616 et
622 1553 688 1617 sine
710 1573 801 1619 mora
824 1552 1049 1618 ebfioiendum.
1097 1551 1221 1638 Nempe
1245 1549 1315 1616 ἀνί·

115 1661 231 1740 χεσθαι
256 1658 341 1744 apud
364 1677 473 1724 omnes
497 1656 614 1742 ubique
638 1679 713 1722 cum
735 1660 905 1745 participio
928 1660 1148 1743 componitur:
1175 1659 1228 1722 ούκ
1248 1657 1317 1723 ἀνθ.

116 1788 223 1846 χομαι
247 1764 336 1844 θοῶν,
361 1766 414 1830 ούκ
438 1762 603 1843 ἀνέχονται
627 1764 760 1845 θρῶντες.
806 1764 1033 1849 Aristophanes
1056 1767 1091 1829 in
1112 1768 1187 1830 Pae.
1213 1760 1290 1830 702.

688 1874 721 1938 ού
745 1872 808 1952 pop
831 1870 1015 1950 ἐξηνέσχετο

374 1975 440 2044 itte
464 1976 548 2042 πίθον
572 1977 808 2057 καταγνύμενον
832 1975 906 2043 οίνου
931 1974 1043 2042 πλέων.

120 2083 178 2150 sed
201 2079 372 2163 ἀνεξόμεθα
396 2104 452 2170 pro
476 2080 626 2163 δεξόμεθα
650 2085 744 2151 unice
766 2105 880 2154 vemm
904 2086 953 2150 est
975 2087 1008 2149 et
1030 2083 1258 2169 reponendum.

167 2293 248 2382 Pag.
277 2290 355 2360 432.
380 2289 438 2362 ίίςε
461 2292 600 2370 ἐξίτηλον
623 2289 701 2358 είναι
724 2293 778 2369 ἤδη
804 2293 839 2358 τὸ
864 2295 924 2375 ἀφ’
949 2294 1032 2371 ἡμῶν
1055 2293 1142 2372 γένος
1167 2293 1224 2359 ύπθ
1243 2289 1317 2374 χρό-

119 2424 170 2466 νον
194 2397 409 2484 [παλαιωθέν]
456 2397 606 2485 Corrupit
637 2398 745 2465 locum
772 2402 828 2484 qui
852 2401 891 2465 de
911 2420 968 2465 suo
988 2400 1163 2464 παλαιωθέν
1183 2400 1317 2466 eddidit.

120 2505 238 2572 Omnia
268 2509 344 2571 suut
372 2506 407 2569 in
437 2504 575 2582 ἐξίτηλον
607 2501 684 2570 είναι
717 2505 774 2571 ύπθ
805 2502 925 2585 χρόνου.
952 2506 1052 2594 vPog.
1079 2504 1156 2572 205.
1181 2507 1207 2572 εί
1232 2505 1264 2572 δέ
1287 2530 1318 2572 τι

121 2613 277 2689 πονήσειεν
302 2611 360 2677 tet
383 2617 534 2693 χειμῶνος
560 2609 577 2688 ἢ
599 2610 709 2694 χρόνον
734 2609 939 2691 ἐξακούμενοι.

167 2823 247 2911 Pag.
281 2820 358 2891 434.
389 2824 477 2888 ἀλλά
509 2821 561 2888 καί
594 2822 740 2901 βασιλεῖς
771 2820 1000 2888 ἀποδεικνύθτε
1031 2821 1140 2903 ξένους.
1197 2823 1321 2890 Vitiosa

123 2930 220 2997 lectio
234 2943 288 2996 uer
318 2926 444 2996 Codicis
475 2928 641 2995 Urbinetis
673 2950 776 2996 errore
804 2929 1025 2996 ἀποδείκνυστε
1058 2937 1143 2998 nata.
1191 2930 1320 3017 Repone

125 3058 165 3103 ex
193 3037 325 3103 caeteris
357 3036 506 3101 omnibus
536 3035 746 3101 ἀποδείκνυτε.
794 3034 831 3101 In
863 3035 1020 3123 singulari
1042 3058 1177 3104 numero
1199 3038 1323 3104 ἀποδει-

125 3142 202 3210 κνύω
224 3179 244 3192 -
257 3141 318 3213 ύεις
340 3179 360 3192 -
373 3141 417 3207 ύει
437 3143 545 3208 erebro
565 3144 777 3208 recentiorum
798 3164 860 3208 usu
879 3146 1008 3220 teritur,
1023 3148 1055 3209 et
1067 3145 1319 3211 ἀποδεικνύουσιν.

124 3249 186 3316 Sed
217 3247 474 3329 ἀποδεικνύωμεν,
507 3249 721 3315 ἀποδεικνύετε
751 3269 814 3314 non
844 3251 952 3337 magis
983 3249 1101 3316 dicitur
1127 3272 1223 3338 quam
1246 3253 1323 3319 ἀπο-

124 3355 310 3434 δεικνύομαι.

170 3568 251 3655 Pag.
283 3563 358 3632 434.
391 3565 438 3637 τίς
464 3566 527 3646 etp
553 3566 692 3638 ἑκουσίως
715 3562 851 3646 ἀρχεται
875 3567 948 3648 [τῶν
973 3565 1159 3653 κρειττόνων]
1186 3569 1242 3635 ύπθ
1267 3574 1321 3637 τοῦ

122 3675 275 3756 χείρονος;
307 3672 480 3739 Pueriliter
511 3673 657 3739 additum
692 3678 750 3737 τῶν
788 3670 962 3751 κρειττόνων
998 3677 1030 3738 et
1063 3676 1323 3758 perincommoda

123 3782 198 3847 sede
230 3777 421 3845 collocatum
453 3799 492 3843 ex
521 3780 669 3866 margine
700 3779 840 3864 irrepsit.
888 3775 961 3842 Dici
984 3780 1083 3843 etiam
1107 3786 1249 3866 poterat:
1273 3783 1321 3856 τίς

125 3889 190 3968 pop
223 3887 362 3959 ἑκουσίως
396 3883 532 3966 ἀρχεται
563 3885 706 3967 κρείττων
736 3885 774 3950 ὢν
804 3883 861 3949 ext
890 3887 943 3948 τοῦ
966 3883 1116 3966 χείρονος;
1142 3887 1239 3974 idque
1261 3888 1323 3956 for-

124 4000 210 4061 tasse
232 4014 346 4062 rernm
369 3996 427 4059 est.

173 4203 253 4290 Pag.
278 4199 356 4267 436.
378 4202 413 4268 τό
436 4201 493 4280 μὲν
516 4199 680 4279 Ἀλβανῶν
702 4199 826 4278 εὐμενὲς
850 4195 949 4279 όμοιον
972 4199 1021 4265 ἀεί
1047 4200 1202 4287 διαμένει,
1226 4204 1261 4270 τό
1292 4204 1321 4270 θ’

129 4309 272 4390 ύμότερον
295 4307 509 4389 ἘΞόΦθαρπαι
532 4315 603 4379 ταῖς
629 4305 798 4386 ἐπιμιξίαις
823 4311 877 4371 τοῦ
901 4307 1097 4387 ἀλλοφύλου.
1132 4308 1226 4374 Nune
1253 4313 1322 4396 qui·

129 4415 202 4482 dem
234 4413 432 4500 Δῐέφθαρται
464 4417 657 4504 genuinum·
673 4418 732 4481 est.
778 4410 947 4502 Significat
977 4414 1064 4479 enim
1094 4421 1264 4500 οονσνρθννι
1295 4426 1324 4485 ιθ
