3076 5004
669 107 736 180 220

153 306 203 374 Ad
220 306 299 372 baec
316 304 419 392 igitur
441 301 588 390 Pyrrhus
611 301 862 369 admirabundus
882 302 1093 371 exclamavit:
1117 299 1160 387 τῷ
1184 328 1219 372 οε
1245 303 1298 371 καὶ

108 410 160 481 οὔκ
191 413 282 480 illan
313 410 442 488 βαλέειν
466 409 528 473 κτέ.
577 409 620 474 Et
642 411 677 473 iu
702 413 833 475 caeteris
856 410 987 494 quidem
1010 419 1073 484 τοῖς
1098 411 1185 478 κατὰ
1209 413 1301 494 μέρος

107 526 182 588 sunt
200 518 356 605 quaedam
375 517 566 599 scriptorum
586 515 823 602 discrepantiae.
858 515 1008 582 Proditor
1024 517 1064 582 ab
1078 517 1150 583 aliis
1167 518 1298 597 Nicias,

108 628 148 694 ab
179 625 251 692 aliis
280 622 485 687 Timochares
508 622 743 687 Ambraciensis
766 621 955 707 appellatur.
1003 621 1087 688 Sunt
1109 627 1166 709 qui
1188 627 1299 710 ipsum

108 734 230 799 venisse
260 729 367 794 dicant
396 727 436 792 ad
468 724 637 802 Consules,
670 726 727 792 alii
756 727 866 792 literas
898 748 973 793 eum
1005 730 1130 794 misisse
1156 735 1299 795 narrant.

106 837 300 923 Exemplum
323 835 491 900 literarum
520 832 608 898 aliud
638 839 697 902 est¹
717 834 800 918 apud
825 830 997 898 Claudium
1026 831 1297 922 Quadrigarium,

107 943 195 1011 aliud
222 942 307 1027 apud
328 940 539 1005 Plutarchum
561 940 596 1002 in
619 939 744 1025 Pyrrho
768 958 833 1024 cap.
860 937 913 1003 21.
962 936 1025 1004 Sed
1048 943 1086 1003 ut
1110 941 1145 1004 in
1169 961 1300 1007 summa

106 1052 153 1116 rai
186 1069 295 1114 omnes
325 1047 505 1131 conspirant
538 1041 660 1133 (Cicero
692 1045 729 1108 de
752 1044 880 1108 Finibne
903 1042 940 1108 V.
966 1043 1019 1108 22.
1044 1045 1141 1109 nostri
1164 1049 1300 1112 οοιιεκίοο

105 1178 200 1237 repen
231 1152 465 1217 inimicissimam
494 1152 642 1215 moenibus
672 1151 732 1213 οόιιι
761 1150 1042 1235 appropinquantem
1072 1160 1250 1217 monuerant
1279 1177 1300 1217 ιο

106 1284 215 1326 veneno
236 1267 271 1324 nt
293 1265 416 1323 οοοοιοέ.
461 1256 625 1322 Hannibal
648 1257 732 1342 apud
754 1255 886 1320 Livium
912 1254 965 1321 39.
991 1257 1045 1322 51.
1069 1259 1173 1322 κοικικ
1190 1266 1298 1346 patrer

106 1369 221 1454 Pyrrho
249 1365 313 1446 περὶ
342 1363 419 1427 hosti
448 1370 561 1427 armate
585 1363 743 1426 coercitam
766 1362 800 1425 ιἰο
823 1362 922 1425 Icaria
942 1363 1063 1428 babenti
1085 1371 1120 1428 nt
1143 1387 1163 1428 ο
1187 1387 1297 1429 υοκοιιο

105 1481 220 1540 cnseret
242 1470 500 1555 praedicerent),
534 1470 578 1534 sic
609 1488 672 1533 uon
703 1473 752 1534 est
784 1467 921 1533 dubium
952 1471 1030 1554 quin
1063 1489 1195 1555 verum,
1230 1490 1295 1535 nou

104 1579 239 1654 fictum,
273 1579 316 1641 sit
351 1575 434 1660 quod
467 1574 641 1660 Dionysius
674 1576 816 1640 narravit
852 1575 890 1639 de
924 1576 1069 1641 versibus
1103 1574 1240 1642 Homeri
1275 1597 1295 1641 a

104 1685 230 1774 Pyrrho
263 1686 335 1747 tum
369 1683 539 1765 usurpatis.
586 1679 734 1745 Habebat
768 1683 855 1747 enim
887 1680 1060 1767 Dionysius
1090 1685 1231 1768 optimos
1258 1685 1293 1747 iu

105 1792 192 1856 hisce
219 1788 367 1855 omuibus
398 1791 551 1851 auctores.
597 1785 683 1851 Nam
713 1793 837 1872 praeter
861 1787 961 1870 ipsius
984 1786 1103 1873 Pyrrhi
1124 1785 1316 1855 commen.

106 1899 203 1963 tarios
224 1893 463 1980 (ὑπομνήματα)
484 1893 534 1956 uti
553 1897 678 1977 poterat
697 1893 833 1958 testibus
852 1892 987 1958 oculatis
1006 1891 1060 1959 rel
1077 1899 1160 1961 certa
1179 1916 1296 1981 aequa·

104 2003 191 2068 libus
213 2021 321 2066 rerum
345 2005 518 2086 gestarum.

149 2213 198 2279 Ex
220 2214 324 2279 Athoo
348 2208 462 2278 Codice
485 2212 571 2277 nacti
595 2231 706 2277 sumus
729 2210 843 2297 praelii
868 2210 952 2296 apud
976 2209 1131 2278 Asculum
1156 2213 1295 2300 descrip-

103 2322 223 2386 tionem
246 2341 285 2384 cx
306 2319 454 2406 Dionysii
472 2317 554 2383 libro
574 2318 646 2382 XX.
683 2318 777 2384 Iuvat
796 2319 847 2382 his
866 2318 980 2383 addere
999 2321 1157 2407 insignem
1177 2319 1293 2386 Dionis

103 2427 205 2494 Cassii
236 2424 344 2490 locum
379 2426 417 2489 de
441 2422 578 2490 Consule
601 2424 717 2502 Decio,
742 2444 836 2509 quem
859 2426 893 2488 in
916 2424 976 2489 hoc
998 2425 1119 2511 praelio
1142 2427 1293 2492 cecidisse

102 2537 242 2615 constat,
273 2533 329 2615 qui
358 2531 447 2596 locus
472 2530 642 2595 Editorum
665 2529 870 2617 indiligentia
893 2531 926 2593 in
950 2529 1062 2596 Dionis
1085 2532 1292 2598 Editionibus

102 2641 239 2706 omissus
262 2642 320 2703 est.
366 2635 427 2701 Dio
450 2638 497 2701 ita
519 2639 703 2721 scripserat:

101 2748 243 2821 Ῥωμαῖοι
261 2744 332 2821 πρὸς
347 2743 475 2822 ’Ἄσκλῳ
495 2741 584 2806 πόλει
602 2740 663 2806 ὄντι

102 2854 186 2932 αὐτῷ
208 2848 358 2938 (Pyrrho)
379 2846 555 2918 ἐπελθόντες
577 2849 663 2912 cirre·

101 2957 394 3036 ερατοπεδεύοανπο.
419 2953 467 3017 ἐπὶ
492 2953 615 3026 πλείους
639 2954 663 3019 δ’

102 3063 216 3145 ἡμέρας
229 3061 385 3141 διέτριψαν
397 3060 549 3129 ὀκνοῦντες
564 3060 663 3134 καλή·

100 3185 189 3241 λους·
214 3170 238 3233 οἱ
263 3168 318 3245 μὲν
342 3165 406 3246 γὰρ
427 3169 571 3241 Ῥωμαῖοι
591 3166 660 3238 τοὺς

100 3272 348 3356 προνενικηκότας
380 3273 433 3337 οὐκ
459 3272 611 3356 ἕέοὶρρουν,
636 3273 661 3336 οἱ

99 3380 132 3446 δὲ
162 3383 202 3453 ὥς
237 3378 489 3454 οἲπονενοκριένους
525 3376 662 3441 ἐδέδισαν

98 3487 168 3560 τοὺς
180 3486 359 3560 Ῥαμαίους.
380 3485 438 3548 κοὶν
458 3482 553 3565 τούτῳ
573 3496 662 3559 λογο-

98 3593 260 3660 ποιούιτων
300 3591 387 3655 τινῶν
421 3585 467 3654 ὅτι
503 3588 516 3652 l
553 3588 660 3661 Δέκιος

98 3699 250 3765 ἐπιδοῦναι
289 3696 396 3761 ἑαυτὸν
433 3696 584 3773 (deuouere
616 3693 659 3778 ee)

98 3805 183 3870 narie
207 3805 259 3868 τὸν
282 3804 403 3879 πατέρα
426 3800 550 3865 καὶτὸν
575 3798 661 3865 ποέπ·

98 3907 382 3987 πονιέτοιμοὶζοιτο
413 3906 465 3970 καὶ
500 3906 570 3976 τοὺς
605 3912 657 3972 τοῦ

98 4016 211 4096 Πύρρου
245 4013 344 4086 δεινῶς
377 4010 590 4093 ἐκφοβούντων
619 4015 657 4086 ὡς

99 4125 131 4188 ἐκ
168 4126 222 4186 τοῦ
260 4123 358 4183 θανεῖν
392 4119 499 4183 ἐκεῖνον
536 4116 659 4189 πάντας

98 4227 341 4310 ἀπολουμένους,
383 4226 545 4303 συνήγαγε
587 4225 657 4298 τοὺς
