3076 5004
719 270 761 341 77

191 460 268 550 Peg.
303 457 378 524 660.
412 460 557 540 ἐκχωρεῖν
587 469 642 535 τῆς
676 460 825 536 δημοσίας
856 470 915 538 γῆς
948 460 1016 531 τοὺς
1046 457 1272 538 καρπουμένους
1296 482 1332 522 τε

144 566 200 631 καὶ
236 567 298 650 ἰδία
332 566 526 647 κατέχονται
558 569 665 643 αὐτήν.
715 567 750 632 Si
780 570 852 653 quis
881 567 941 632 hoc
971 573 1046 654 eget
1078 567 1281 632 vehementer
1304 565 1334 629 ei

145 672 209 756 ἰδία
241 672 431 757 displicebit.
477 673 549 738 Non
580 681 724 759 poterant
755 677 841 738 enim
874 694 986 760 agrum
1011 672 1178 757 poblicum
1202 678 1258 736 ent
1279 695 1335 754 pu·

145 780 222 843 llice
253 786 309 843 eut
324 779 471 862 privatim
493 780 659 864 possidere.
709 779 837 846 Fefellit
860 781 996 844 scribam
1020 779 1097 844 haec
1120 778 1196 844 libri
1220 779 1337 843 veteris

143 885 260 951 lectio:
285 886 676 971 ΚΑΙΔΙΑΚΑΤέχονπας,
697 888 732 951 id
757 893 805 951 est
830 888 880 950 καὶ
906 885 1172 967 διακαπὲχοντας,
1197 885 1281 970 quod
1303 886 1338 947 in

144 992 208 1057 boc
237 1000 425 1078 argumento
455 996 601 1078 frequens
633 999 697 1068 est,
729 999 766 1056 ut
797 1014 869 1080 pag.
905 991 980 1058 667.
1014 990 1061 1056 irc
1095 991 1270 1071 διακαπὲχρ
1294 989 1336 1053 πα

146 1095 339 1176 πράγματα.
364 1107 397 1168 et
419 1123 492 1191 pag.
519 1099 594 1166 523.
619 1101 673 1175 τὴν
697 1101 802 1181 χώραν
826 1100 925 1163 αὐτῶν
948 1099 1197 1178 διακατέχοντες.
1220 1104 1253 1162 et
1271 1117 1337 1162 sae·

145 1208 221 1291 pins
244 1205 330 1271 alibi.

197 1418 276 1505 Peg.
302 1419 379 1485 661.
404 1421 494 1487 libri:
531 1421 749 1485 εἰσπίπτει
781 1419 844 1496 γὰρ
868 1421 972 1489 αὐτοῖς
1002 1417 1162 1495 λογισμός.
1210 1416 1340 1502 Optime

148 1524 325 1614 Kiessling.
360 1529 503 1593 elrfltel.
552 1527 603 1593 Sic
635 1529 720 1592 enim
752 1526 926 1612 Dionysius
961 1524 1041 1590 solet
1076 1523 1254 1604 εἰσέρχεται
1288 1544 1340 1599 μοι

152 1632 218 1720 (vel
241 1634 294 1720 με)
319 1634 481 1713 λογισμός.

197 1842 277 1932 Peg.
303 1844 379 1910 661.
404 1846 457 1910 ἐὰν
482 1847 512 1912 δὲ
537 1847 587 1910 ἐπὶ
611 1849 652 1926 τῷ
677 1846 762 1925 δήμῳ
787 1845 931 1919 ποιήσωσι
955 1844 1009 1917 τὴν
1033 1841 1146 1921 αἵρεσιν
1169 1848 1222 1907 τοῦ
1247 1843 1340 1920 βασι·

90 2027 96 2035 Ι
134 1947 239 2019 ster.
287 1948 407 2016 Graeca
435 1956 623 2038 compositio
653 1959 701 2017 est
732 1955 787 2027 τὴν
816 1955 869 2015 ποῦ
900 1951 1056 2028 βασιλέως
1085 1948 1215 2035 αἵρεσιν,
1239 1955 1271 2014 et
1296 1951 1342 2014 sic

151 2057 188 2120 in
211 2054 363 2123 Urbinete
387 2058 502 2124 diserte
526 2062 679 2144 scriptum
703 2066 760 2124 est.

199 2266 279 2354 Peg.
310 2267 385 2333 662.
418 2272 593 2345 ΠΡΟῆλθιν
626 2271 674 2335 ἐπὶ
706 2271 740 2335 τὸ
771 2271 876 2348 βῆμα.
925 2269 988 2349 Qui
1019 2271 1115 2334 verbe
1138 2269 1279 2333 fecturus
1303 2268 1342 2332 ed

152 2372 308 2457 populum
340 2373 453 2440 Rostro
477 2378 658 2442 conscendit
682 2377 800 2441 dicitnr
824 2376 907 2460 epnd
930 2375 1060 2457 Veteres
1083 2376 1267 2451 ἀναβαίνειν
1291 2374 1341 2438 ἐπὶ

152 2479 187 2542 τὸ
211 2479 305 2556 βῆμα
325 2488 381 2544 aut
403 2484 509 2548 verbis
533 2483 581 2547 ἐπὶ
607 2483 641 2547 τὸ
665 2483 759 2560 βῆμα
782 2485 908 2546 omissis
933 2481 1073 2560 παριέναι
1097 2484 1164 2546 sive
1188 2483 1241 2554 σὺν
1266 2481 1343 2559 παρ·

151 2582 216 2648 οδον
249 2588 408 2651 ποιεῖσθαι.
457 2587 624 2675 Sequiores
656 2590 802 2655 dicebant
842 2586 980 2663 παριέναι
1015 2588 1064 2651 ἐπὶ
1088 2587 1123 2650 τὸ
1148 2588 1261 2665 βῆμα,
1288 2588 1342 2652 sed

153 2690 286 2768 προϊέναι
317 2695 350 2756 in
383 2694 442 2758 tali
471 2699 602 2781 reponi
627 2701 824 2780 nonpotest.
873 2694 985 2779 ltaque
1007 2693 1180 2780 legendnm
1204 2701 1344 2768 ΠΑΡῆλ-

153 2797 212 2860 θεν.
259 2797 467 2884 Perlreqnens
489 2803 522 2865 in
546 2801 694 2888 Dionysii
717 2800 808 2865 libris
829 2801 883 2865 hie
907 2820 992 2864 error
1015 2805 1072 2865 est.

200 2901 390 2971 Rectissime
420 2914 527 2973 contra
551 2907 659 2994 paullo
683 2913 755 2973 ente
780 2907 878 2972 dixit:
904 2910 1050 2985 προῆλθεν
1073 2907 1115 2976 εἷς
1138 2908 1192 2976 σὺν
1213 2906 1342 2985 scopes.

201 3112 278 3202 Peg.
314 3113 389 3180 664.
423 3113 553 3192 ἔμελλον
583 3117 609 3181 εἲ
641 3118 685 3193 μὴ
719 3118 864 3180 terroe
897 3113 962 3192 ἐμοὶ
992 3114 1057 3194 περ)
1082 3116 1195 3178 τούτων
1221 3112 1342 3192 ἐγένετο

155 3221 283 3296 μήνυσις
311 3221 428 3298 ξενικήν
462 3225 561 3308 [τινα]
594 3223 721 3299 δύναμιν
755 3218 1162 3299 ἐπαγόμενοι-κατάγειν
1188 3221 1255 3291 τοὺς
1281 3228 1343 3298 Φυ-

154 3326 271 3403 pateas.
320 3329 444 3394 Vitiosa
475 3333 657 3414 sequiorem
689 3329 881 3394 consuetudo
912 3330 1021 3392 θᾶττον
1052 3331 1086 3391 et
1115 3326 1229 3407 τάχιον
1255 3330 1345 3411 ponit

152 3454 211 3520 pro
244 3434 394 3515 πρότερον.
442 3437 514 3503 Vid.
547 3438 586 3502 ad
616 3435 751 3502 Dionem
782 3435 1050 3522 Chrysostomnm
1074 3433 1218 3497 Μαοινοι.
1245 3431 1343 3498 1877.

151 3561 227 3626 pag.
254 3539 329 3631 160.

199 3645 297 3712 Recte
327 3647 464 3714 Urbinas
494 3648 618 3714 omittit
649 3649 728 3713 τινα.
777 3648 932 3712 Additum
966 3648 1052 3710 enim
1084 3668 1130 3715 τις
1154 3649 1202 3708 est
1221 3644 1344 3711 eleven-

152 3755 198 3818 tis
222 3757 254 3819 et
278 3757 496 3832 extenuantis,
520 3756 604 3839 quod
627 3756 666 3820 eb
688 3755 719 3818 b.
734 3754 756 3818 l.
782 3754 938 3818 abhorret.

202 3961 282 4052 Peg.
317 3962 391 4028 665.
425 3970 540 4043 πρῶτον
571 3966 628 4042 μὲν
660 3966 714 4040 ἐμὲ
728 3960 914 4040 -ἕμελλον
944 3959 1210 4044 disperdentem,
1234 3958 1343 4024 ἔπεισα

154 4070 247 4134 παντὶ
279 4071 321 4134 παὶ
354 4069 842 4144 παιδία-αναιρεῑσθαι-καὶ
876 4072 940 4132 πῖον
970 4065 1005 4130 τὸ
1030 4069 1104 4139 θῆλυ
1128 4064 1214 4144 γένος
1239 4067 1268 4128 ἕν
1292 4067 1343 4130 οἱν-
1372 4077 1381 4083 ’

154 4175 309 4255 epactes
347 4179 538 4251 ποιήσΑσθαι
583 4179 675 4258 λόγῳ.
735 4175 939 4240 Ostendimus
975 4194 1069 4257 supra
1103 4171 1343 4250 ἀναρπάσασθαι

155 4303 223 4348 esse
254 4282 434 4349 barbarum.
480 4285 591 4368 ltaque
622 4289 744 4347 certum
775 4286 822 4346 est
852 4283 1012 4365 scripsisse
1036 4279 1227 4362 Dionysium
1253 4279 1343 4358 atrap-

156 4386 334 4454 rrotceotar.
381 4390 489 4456 Etiam
520 4392 580 4456 hoc
604 4393 724 4455 eertum
749 4393 796 4454 est
820 4387 899 4452 dnos
921 4386 1060 4471 reliquos
1083 4387 1215 4452 eoristos
1239 4387 1272 4449 in
1296 4386 1344 4454 fu-
