3076 5004
792 292 856 373 170

270 492 349 583 Pag.
379 493 475 559 1683.
502 495 747 570 ἐπισημήναντος
773 496 803 559 δὲ
828 499 880 558 τοῦ
904 495 1036 568 πλῆθους
1061 495 1099 565 ὠς
1124 495 1165 557 τά
1191 489 1324 571 κράτιςα
1349 478 1424 554 tru-

227 603 348 681 θεμένῳ.
375 603 453 688 Leg.
479 602 754 680 ε’πισημηναμένου.
802 604 952 665 Plaudere
977 603 1063 666 enim
1088 584 1345 676 θπισῆμοιίνεσθαι
1370 597 1423 661 di-

228 712 326 782 eitur,
360 730 423 774 non
455 708 677 786 ἐπισημαίνειν.
723 708 813 773 Idem
843 709 994 772 mendum
1032 707 1149 772 Reiske
1179 704 1311 771 sustulit
1343 700 1423 790 psg.

231 813 326 879 1522.
354 815 482 899 μενάλη
506 818 565 897 βοῆ
589 815 703 886 πάντες
728 817 1005 893 ἐπεσημήνανΤΟ,
1030 814 1087 878 ubi
1110 816 1145 879 in
1167 812 1259 878 libris
1279 817 1327 877 est
1348 810 1425 875 ἔπε-

230 923 379 999 σῆμηναν.

274 1132 354 1219 Peg.
383 1132 479 1198 1685.
507 1135 714 1199 scribendum
738 1136 754 1208 ῆ
780 1134 873 1214 χάρις
902 1172 937 1182 -
966 1131 1098 1211 ὑπάρΞει
1128 1153 1185 1217 pro
1218 1129 1364 1210 ὑπάρχει.
1392 1113 1426 1192 et

231 1237 340 1315 ἀνδρας
355 1277 399 1286 -
413 1239 538 1303 ἑλέσθαΙ
561 1250 573 1302 Ι
595 1239 693 1325 (δέκα)
717 1237 820 1311 οἵτινες
846 1240 910 1303 κτὲ.
944 1238 1043 1325 Saepe
1066 1243 1101 1303 in
1120 1260 1187 1324 sqq.
1209 1239 1244 1301 hi
1264 1235 1426 1300 decemuiri

231 1347 450 1411 nominantur.
476 1347 571 1411 Vides
595 1369 650 1411 eur
671 1350 797 1411 numeri
820 1354 895 1412 notu
917 1347 1122 1411 interciderit.
1150 1343 1199 1410 Of.
1225 1364 1297 1430 pag.
1315 1340 1426 1425 1692,
1465 1367 1468 1370 ⁴

234 1448 337 1527 1694,
367 1450 467 1529 1706,
496 1451 593 1518 1740.

278 1661 358 1748 Pag.
381 1661 478 1726 1685.
505 1663 580 1727 τάδε
602 1664 859 1741 συνεβούλευσεν·
886 1663 995 1745 ἀνδρας
1012 1703 1051 1712 -
1067 1663 1188 1728 ἑλέσθαι
1207 1663 1282 1727 δέκα
1296 1699 1350 1746 —-‚
1370 1661 1427 1734 τῆν

233 1767 264 1831 δὲ
289 1768 455 1846 ὁρισθεῖσαν
482 1769 533 1832 ὑπ’
558 1771 674 1834 ἐκείνων
698 1779 757 1848 γῆν
772 1809 810 1819 -
827 1773 881 1846 τῆν
905 1773 961 1850 μὲν
986 1773 1244 1846 ἀπεμποληθῆναι
1269 1767 1425 1858 [παρῄνει]

194 1904 198 1915 =
235 1911 276 1920 -
302 1877 356 1946 τῆν
388 1875 418 1938 δὲ
450 1885 605 1949 πενταετῆ
639 1878 762 1953 μισθοῦν
795 1878 911 1958 χρόνον.
965 1879 1125 1943 Tenemus
1154 1875 1428 1961 interpolatorem.

234 1976 545 2048 Sineeontrouersia
570 1984 825 2058 ἀπεμποληθῆναι
848 1990 879 2049 et
899 1986 1022 2060 μισθοῦν
1044 1985 1180 2069 pendent
1201 2005 1240 2048 ex
1263 1982 1338 2045 τάδε
1360 2005 1428 2044 συν-

234 2086 435 2164 εβοθλεοσεν,
481 2090 535 2153 sed
578 2090 691 2154 multis
723 2091 796 2155 aliis
826 2094 1022 2175 interpositis
1055 2092 1189 2156 eredidit
1220 2092 1325 2154 neseio
1356 2089 1431 2172 quis

155 2209 158 2214 ’
235 2195 410 2266 orationem
436 2197 480 2259 sie
505 2216 571 2260 esse
594 2196 798 2262 fulciendam.
902 2251 905 2256 .

281 2297 360 2364 Vide
384 2303 481 2364 etiarn
507 2322 603 2385 quam
626 2324 740 2388 parurn
765 2310 877 2388 aptum
899 2305 1035 2370 verbum
1059 2306 1101 2368 sit
1124 2306 1158 2367 in
1182 2303 1240 2367 tali
1262 2323 1296 2365 re
1316 2322 1431 2378 παραι-

235 2412 305 2469 νεῖν.
353 2407 514 2470 Αάικοιαιά
545 2414 582 2471 ut
605 2431 680 2496 ager
707 2410 854 2495 publicus
877 2413 996 2496 partim
1020 2411 1224 2487 venderetur,
1251 2411 1369 2495 partim
1395 2409 1431 2470 in

236 2516 486 2598 quinquennium
510 2514 677 2581 locaretur.

281 2619 448 2684 Praeterea
478 2623 583 2686 aetius
613 2622 715 2688 forma
737 2625 914 2709 reponenda
937 2629 985 2688 est
1009 2625 1253 2700 ἀπεμπολῆσαι,
1279 2626 1317 2685 ut
1339 2625 1429 2686 reete

235 2727 379 2811 sequitur
403 2728 537 2803 μισθοῦν.

281 2939 359 3024 Pag.
396 2937 491 3007 1687.
525 2939 591 3027 leg.
624 2939 813 3018 διδάσκαμεν
845 2962 901 3026 pro
932 2940 1134 3019 διδάσκομεν,
1168 2947 1200 3006 et
1231 2940 1334 3020 νῆδιον
1368 2959 1428 3026 pro

237 3045 350 3122 γήδιον.

282 3257 362 3344 Pug.
398 3255 497 3325 1688.
535 3260 653 3333 ταύτην
689 3259 932 3337 εἰσηγησαμένου
965 3261 1019 3335 τῆν
1049 3261 1173 3338 γνώμην
1205 3258 1340 3326 Ἀππθου
1375 3259 1429 3325 καὶ

238 3362 357 3444 σφθδρα
389 3363 533 3440 δόξαντος
565 3366 741 3442 εὐδοκιμεῖν.
790 3366 901 3451 Inepta
932 3373 964 3432 et
986 3368 1122 3432 ridicula
1144 3367 1221 3432 haee
1243 3370 1341 3433 oratio
1369 3373 1430 3432 est.

237 3469 425 3556 Lugendum
450 3472 592 3549 δόξαντος
617 3468 650 3537 εὖ
675 3483 809 3537 neren.
846 3474 974 3539 Lacuna
997 3480 1064 3539 erat
1090 3473 1237 3538 eT***
1252 3483 1321 3538 eIN
1343 3473 1431 3538 male

238 3575 372 3661 expleta.
422 3577 506 3657 Quid
529 3582 638 3643 tritius
662 3585 709 3644 est
733 3602 829 3665 quem
853 3581 966 3655 δοκεῖν,
994 3581 1075 3644 πάνυ
1101 3580 1215 3654 δοκεῖν,
1240 3580 1361 3660 σφόδρα
1384 3580 1431 3644 δο-

238 3691 301 3759 κεῖν
325 3680 358 3748 εὖ
381 3682 510 3762 λέγειν1
556 3685 785 3752 Demosthenes
808 3709 881 3774 pag.
908 3685 973 3753 5.7.
999 3689 1032 3750 ἐκ
1056 3689 1163 3752 τούτου
1189 3685 1356 3764 συμβαθνει
1378 3688 1432 3750 τθν

239 3788 295 3867 μὲν
319 3784 360 3860 οἷς
385 3787 423 3853 ἀν
447 3789 610 3871 ἀμάρτητε
638 3793 827 3870 ἐπιτιμῶντα
860 3794 1029 3872 εὐδοκιμεῖν
1058 3793 1110 3857 καὶ
1136 3795 1231 3858 δοκεῖν
1255 3790 1288 3858 εῦ
1311 3791 1431 3871 λέγειν.

285 3998 363 4086 Pag.
400 3999 497 4069 1689.
540 4005 630 4083 θννῆε
666 4004 790 4086 παρέξει
826 4004 947 4077 δικαίας
979 4002 1186 4086 προΦάσΕΙΟ.
1241 4004 1434 4092 Lugendum

240 4104 426 4187 πρθΦασΙΝ.

287 4319 368 4405 Peg.
398 4319 486 4384 1690
530 4326 560 4387 οὐ
593 4326 652 4400 μῆν
677 4326 818 4406 ἀποχρῆν
843 4350 882 4401 γε
908 4324 1008 4403 οἴομαι
1032 4325 1144 4391 τούτων
1169 4324 1308 4406 ἓκάπερον
1334 4324 1364 4389 ἕν
1387 4329 1432 4408 τςῦ

243 4425 430 4513 ψηφίσματι
455 4438 614 4512 ηραΦΕΝ.
661 4431 820 4497 Putidum
844 4437 876 4497 et
900 4432 1082 4497 affectatum
1106 4432 1231 4497 dicendi
1253 4453 1354 4519 genus
1378 4435 1433 4500 καὶ
