3076 5004
828 258 872 332 70

300 454 381 544 Pag.
407 452 687 527 540.ἐιι1πίοηοι
711 454 752 534 τῷ
776 454 933 534 Λοκόμωνι
958 455 1009 520 τὸν
1033 463 1122 544 πῖλον
1143 453 1192 519 ἐπὶ
1216 455 1269 528 την
1290 452 1448 536 κεφαλήν.

258 566 416 650 Perpetuo
448 561 677 629 Graeculorum
711 581 812 626 errore
835 562 1008 649 Dionysius
1033 546 1448 637 intentiva1‚i⁷rrrllcctat‚

258 671 426 738 ἐπικεῖσθαι
459 671 534 754 poni
565 669 622 733 ubi
647 667 775 733 Veteres
799 676 977 735 constanter
1001 667 1200 749 περιτιθέναι,
1222 669 1449 748 περιτίθεσθαι,

259 778 445 860 περικεῖσθαι
470 775 634 851 dicebant,
659 778 697 838 ut
721 794 819 865 supra
838 779 1030 842 notavimus.

304 989 384 1074 Pag.
411 983 487 1051 544.
511 987 619 1063 οίπῆηε
642 986 696 1060 την
720 983 849 1063 δύναμιν
874 985 923 1049 ἐπ’
948 985 1027 1050 οἴκου
1051 985 1103 1049 καί
1128 987 1214 1064 μετοὶ
1234 987 1320 1051 ταῦθ’
1344 984 1452 1065 ἑτέραν

260 1095 389 1175 ςρατιθον
421 1095 568 1170 ἈΠῆηεν
600 1093 649 1156 ε’πί
683 1093 737 1167 την
761 1092 997 1171 Κροντομερίνων
1022 1091 1120 1158 πόλιν.
1167 1093 1378 1177 Perspicuum
1403 1096 1454 1156 est

261 1201 389 1279 ςρατιθον
415 1197 517 1276 Ἦμεν
542 1199 622 1263 011111
646 1200 800 1282 scriptum
825 1200 930 1264 fuisse¹
982 1199 1045 1279 Qui
1068 1202 1173 1284 copias
1196 1202 1310 1263 domum
1333 1199 1455 1263 reducit

262 1306 384 1385 οέποίγει
426 1307 481 1380 την
521 1305 666 1382 δύναμιν,
711 1309 766 1390 qui
802 1307 913 1390 inferto
950 1307 1080 1370 οοοονοίθα
1107 1307 1187 1389 peria
1221 1308 1329 1369 laertem
1365 1303 1452 1383 θγει.

261 1405 494 1497 Exemplorum
517 1412 611 1496 plena
634 1417 708 1476 sunt
731 1415 848 1477 omnia.

306 1623 387 1710 Pag.
420 1619 496 1687 545.
528 1592 664 1702 οίνέορξαν
696 1622 754 1693 πέος
787 1620 892 1694 πθλας
925 1621 1034 1685 ααὶ-
1057 1621 1332 1701 παρεδίδοσαν
1367 1624 1454 1701 αὐτῷ

261 1731 316 1803 την
347 1727 446 1792 πθλιν.
493 1727 637 1792 limanda
668 1726 852 1807 παρέδοσαν..
900 1727 1108 1812 Perfrequens
1138 1731 1172 1792 in
1201 1728 1293 1794 libris
1321 1734 1369 1795 est
1391 1729 1455 1794 hoc

262 1836 372 1902 mendi
395 1855 505 1923 genus.

306 2047 387 2133 Pag.
414 2044 489 2109 548.
521 2044 722 2118 λεηλατήσας
747 2042 778 2107 δέ
799 2045 853 2119 την
877 2045 1121 2125 χώραν-πρὸς
1146 2046 1243 2117 αὐτην
1265 2045 1454 2124 ςρασεθεταο

263 2155 318 2227 την
351 2152 440 2215 πθλιν
468 2149 711 2228 προκαλούμενος
736 2149 805 2220 τοὺς
830 2148 941 2230 οίνδρας
966 2153 1008 2223 είς
1033 2151 1154 2232 Φιλίαν.
1200 2152 1352 2238 Pugnant
1374 2151 1455 2217 haec

263 2262 347 2325 inter
371 2279 448 2323 sese.
486 2256 674 2342 Lagentium
696 2257 824 2322 videtur
848 2257 919 2336 πρὸς
944 2259 1040 2332 αὐτην
1064 2256 1254 2322 ΠΟΡεθεπαι
1275 2260 1329 2330 την
1351 2257 1454 2322 πόλιν.

263 2365 300 2431 Si
330 2365 463 2428 dixisset
492 2365 679 2440 ςρατεθεται
709 2383 772 2427 non
804 2363 875 2443 πρὸς
906 2366 961 2438 την
992 2361 1098 2441 πόλιν,
1131 2364 1187 2428 sed
1210 2363 1266 2427 r'rri¹
1284 2364 1339 2437 την
1363 2361 1455 2428 πθλιν

265 2476 332 2537 erat
356 2469 536 2534 dicendum.

307 2680 387 2768 Pag,
421 2676 497 2750 551.
529 2677 669 2757 Τυρρηνοί
702 2678 734 2742 δέ
765 2680 955 2759 συμμαχίαν
983 2680 1167 2749 οίποςέλλειν
1191 2680 1395 2759 ὡμολόγησαν
1419 2679 1454 2758 ἧς

265 2786 303 2853 θον
334 2784 422 2859 αὐτοὶ
455 2788 498 2861 μη
532 2785 682 2856 δεηθῶσιν.
729 2784 880 2850 Primum
910 2788 1011 2852 scribe
1041 2788 1214 2854 ἀποτελεῖν.
1262 2787 1384 2853 Deinde
1408 2788 1454 2867 μή

266 2892 437 2959 aReislrio
461 2889 609 2955 additum
632 2911 712 2974 pone
737 2912 793 2957 suc
816 2890 885 2957 loco
910 2888 943 2965 ἧς
968 2890 1005 2956 θον
1029 2896 1072 2970 μη
1098 2895 1184 2958 αὐτοὶ
1210 2894 1359 2967 δεηθῶσιν.

311 3103 391 3188 Pag.
423 3097 497 3163 553.
530 3097 682 3175 βασιλεὺς
714 3099 1053 3178 Ταρκύνιος-μαθὼν
1084 3101 1118 3165 πθ
1148 3102 1328 3180 ηιηνθροενον
1361 3102 1456 3168 ε’λοίτ-

203 3217 205 3221 ’
266 3234 357 3288 ποιμα
382 3207 447 3286 περὶ
472 3205 541 3274 τοὺς
566 3204 742 3284 σφετέρους.
779 3205 994 3292 Pcrvulgatus
1018 3229 1102 3272 error
1119 3191 1352 3274 Graeculorum
1369 3211 1456 3295 apud

265 3316 457 3402 Dionysium
490 3333 552 3376 non
585 3309 766 3394 infrequens
799 3333 856 3395 pro
890 3315 959 3383 τοὺς
995 3315 1115 3378 ἑαυτοῦ.
1163 3313 1215 3379 Sic
1250 3319 1349 3381 etiam
1379 3338 1454 3404 pag.

268 3422 367 3490 1064.
392 3420 495 3498 μαθὼν
520 3418 533 3482 ὁ
558 3415 707 3495 διατοίτοορ
730 3418 784 3490 την
808 3421 996 3512 φνγηνοτῶν
1020 3420 1240 3500 σφετέρων.

312 3634 393 3719 Pag.
419 3626 496 3693 555.
525 3626 632 3690 Latini
655 3646 755 3709 quum
778 3629 933 3693 nescirent
953 3651 1010 3693 sua
1033 3636 1134 3695 castra
1158 3631 1196 3695 ab
1219 3632 1365 3695 hostibus
1389 3653 1458 3697 esse

268 3747 360 3828 capta
381 3736 610 3813 ἀναχωροῦντες
631 3732 664 3796 ἔκ
685 3740 740 3807 τῆς
760 3741 871 3812 τροπῆς
893 3736 934 3806 είς
952 3737 1086 3815 οἶοσφαλη
1108 3739 1300 3816 καταφυγὴν
1321 3737 1379 3806 ὑπὸ
1398 3745 1458 3802 τῶν

269 3836 537 3921 καταλαβομένων
561 3839 658 3914 αὐτην
683 3839 876 3913 οθπιθλλνντο.
923 3841 1039 3906 Manca
1062 3846 1217 3907 sententia
1240 3850 1304 3908 est:
1329 3844 1457 3929 supple:

271 3958 305 4020 ἐκ
327 3961 382 4026 τῆς
406 3952 518 4028 τροπῆς
543 3949 615 4008 ὨΟ
639 3947 681 4016 εἷς
705 3948 839 4026 ἀσφαλῆ
863 3949 1067 4029 καταφυγήν.
1104 3949 1226 4014 Tutum
1250 3971 1282 4020 se
1303 3950 1336 4015 in
1356 3957 1461 4021 castra

269 4062 435 4142 receptum
456 4052 571 4117 habere
594 4052 801 4134 ορίαοθοαθαν.

316 4270 397 4353 Pag.
424 4260 500 4330 557.
526 4263 586 4344 οὐχ
609 4262 825 4339 ὑπομείναντες
851 4264 882 4328 δὲ
905 4265 948 4335 είς
973 4266 1027 4340 τὴν
1052 4266 1166 4330 έαντῶν
1189 4268 1294 4346 χώραν
1326 4275 1461 4349 παρεῖ-

272 4401 335 4448 ρριι
368 4372 418 4437 τὸν
450 4370 593 4452 πόλεμον.
643 4370 763 4435 Melius
794 4377 841 4436 est
872 4370 1010 4451 παριέναι
1042 4374 1077 4441 id
1109 4380 1156 4439 est
1187 4373 1313 4454 ποίροδον
1337 4373 1473 4459 διδίναιι
