3076 5004
720 261 762 330 98

554 501 597 550 ΑΒ
620 501 743 552 uuuuu
766 501 918 561 quntum.

194 662 275 752 Peg.
299 661 377 730 845.
409 662 511 739 ἐπειδὴ
536 662 567 730 δὲ
595 662 674 751 [καί]
700 668 821 729 πολλῶν
845 662 897 727 καί
920 661 1071 743 μεγάλων
1095 664 1221 742 aparte
1244 662 1335 729 αίτιοι

147 772 246 851 γενθ
253 793 366 849 μενοι
395 778 458 845 τοῖς
489 778 595 843 κοινοῖς
627 768 811 850 πράγμασιν
842 767 948 847 ἔδοξαν
970 771 995 836 οί
1020 770 1176 850 βασιλεῖς.
1223 769 1336 837 Errore

147 875 318 944 manifesto
349 876 507 955 pertaesos
538 878 695 963 seriptum
726 881 774 941 est
797 895 854 962 pro
877 874 1048 955 γεγονέναι.
1096 877 1263 944 Praeterea
1283 898 1338 943 ex·

147 1003 256 1072 punge
279 982 343 1047 καί.
379 981 536 1050 Omnibus
557 988 605 1049 est
628 984 714 1048 enim
735 985 922 1048 consuetum
941 981 1335 1063 1111111πολλοὶκάγαθά,

148 1088 257 1156 πολλοὶ
279 1089 331 1154 nai
354 1087 443 1156 καλά
466 1094 500 1156 11
521 1091 594 1155 sim.
617 1087 673 1157 sed
695 1107 789 1154 nemo
811 1087 863 1153 his
886 1086 1025 1154 alterum
1048 1089 1104 1156 καί
1125 1091 1301 1176 praeponit.

196 1301 275 1391 Peg.
299 1301 377 1368 846.
399 1301 433 1367 ἐκ
457 1307 637 1382 περιτροπῆς
661 1297 714 1366 ἕνα
737 1306 821 1378 μῆνα
847 1297 1033 1380 κατέχοντος
1058 1300 1169 1373 αὐτοὺς
1190 1301 1334 1384 ἐκατίρον

150 1405 365 1496 [παραλλάξ1.
412 1406 602 1474 Rectissime
633 1405 779 1473 8111111111
809 1405 984 1486 παραλλάξ
1015 1405 1143 1474 delevit.
1190 1408 1339 1497 Adserip·

148 1520 222 1580 tum
250 1519 318 1581 eret
340 1517 375 1579 in
397 1515 544 1601 margine
567 1513 607 1579 ed
630 1512 854 1599 explicandum
877 1510 955 1598 quid
978 1517 1060 1579 esset
1081 1512 1115 1578 ἐκ
1138 1524 1337 1596 περιτροπῆς,

148 1621 235 1687 unde
257 1620 379 1688 fectum
403 1624 510 1687 estut
532 1622 567 1684 in
590 1623 658 1686 tem
680 1618 917 1686 incommodum
939 1619 1048 1686 eedem
1070 1621 1243 1707 irrepserit.

197 1827 277 1916 Peg.
301 1826 380 1896 847.
403 1829 592 1905 ἐκκλησίΑΝ
615 1854 652 1896 τε
676 1831 780 1903 αὐτοῖς
804 1827 960 1896 ertum
975 1866 1017 1879 -
1030 1827 1082 1895 καὶ
1104 1835 1210 1912 ψῆφον
1231 1829 1339 1914 ἐπιφέ-

150 1957 209 2018 ρειν
241 1935 293 2001 καί
325 1929 435 2001 τάλλα
464 1935 622 2019 πράττειν.
668 1934 780 2023 Recipi
803 1935 955 2003 debuerat
976 1934 1101 2002 Reiskii
1124 1940 1210 2003 certe
1233 1957 1339 2004 emen·

151 2041 239 2109 detio
263 2042 513 2120 ἐκκλησιάΖΘΙΝ
536 2064 593 2131 pro
617 2044 795 2120 ἐκκλησίαν.

197 2252 277 2341 Peg.
301 2251 378 2319 849.
403 2252 453 2318 ἐπί
477 2255 533 2330 τὴν
557 2251 723 2329 ἐκκλησίαν
746 2251 953 2334 ΠΡΟαχθείς.
988 2254 1157 2320 Ρνοοίιιοοοε
1180 2255 1219 2322 ed
1241 2277 1342 2344 popu·

151 2357 223 2425 lum
247 2356 366 2426 Graece
390 2360 509 2426 dieitur
531 2359 704 2444 παράγειν,
728 2359 937 2445 quemobrem
960 2361 1153 2440 ΠΑΡαχθείς
1174 2363 1343 2430 emenden-

151 2465 240 2531 dum.
288 2464 404 2532 Multis
434 2464 507 2532 11111
536 2465 635 2550 loeis,
667 2484 745 2550 quos
774 2463 857 2529 nihil
889 2467 1005 2532 attinet
1031 2487 1230 2553 enumerare,
1254 2468 1341 2534 idem

151 2571 307 2636 mendum
337 2572 448 2637 eedem
477 2573 599 2638 ratione
629 2570 862 2659 corrigendum.
910 2571 1140 2640 Demosthenes
1167 2574 1204 2638 de
1230 2574 1344 2639 Corona

152 2696 226 2764 pag.
257 2675 334 2742 285.
368 2676 400 2742 2.
434 2678 570 2751 εἰσῆλθεν
594 2678 611 2753 οἱ
633 2677 733 2757 βουλὴ
756 2677 808 2742 καὶ
834 2677 1040 2757 άτάγγειλαν
1063 2679 1089 2743 οἱ
1114 2676 1274 2759 πρυτάνεις
1299 2679 1343 2746 τοὶ

155 2782 421 2865 προοηγγελραένα
438 2785 557 2859 ἐαοτοῖς
575 2783 628 2850 καί
647 2783 699 2850 τὸν
712 2780 824 2860 ἥκοντα
848 2784 1075 2866 παρήγαγον
1097 2786 1234 2861 κάκεῖνος
1248 2780 1346 2852 είπεν.

201 2994 280 3083 Peg.
314 2993 388 3060 850.
422 2993 588 3076 Ταρκύνιος
619 2992 866 3071 ἀξιοῖ-ἐλθεῖν
898 2992 952 3058 σὺν
988 2991 1103 3072 ὀλίγοις
1139 2998 1254 3074 πρῶτον
1287 2995 1345 3074 μὲν

157 3099 208 3166 ἐπὶ
231 3100 266 3166 τὸ
288 3101 433 3183 συνέδριον
448 3140 488 3152 -
503 3101 613 3169 ἔπειτα
627 3101 735 3167 -καί
760 3101 810 3166 ἐπὶ
834 3101 888 3174 τὴν
913 3100 1079 3174 ἐκκλησίαν
1104 3100 1242 3185 [ε’λθεῖν].
1280 3100 1347 3168 Im·

155 3211 329 3294 portunum
361 3209 458 3276 ἐλθεῖν
488 3208 693 3276 resecandum
725 3227 792 3274 esse
822 3206 906 3274 vidit
935 3205 1110 3294 Kieseling.
1157 3206 1233 3274 81111
1255 3228 1347 3276 more

156 3317 351 3398 expunctum
374 3317 526 3402 oportuit.

200 3416 276 3485 Post
309 3440 410 3506 peuce
443 3443 482 3488 ex
517 3431 551 3486 Β.
586 3419 788 3487 scribendum
818 3417 874 3484 ἐάν
903 3441 950 3492 τις
982 3419 1076 3484 αὐτοῦ
1108 3429 1264 3504 κατηγορῇ
1287 3441 1344 3507 pro

155 3526 368 3608 κατηγορήση,
393 3531 426 3593 11
449 3521 532 3599 αὖθις
557 3527 668 3593 eodem
691 3530 819 3592 euetore
841 3524 1056 3591 omittendum
1080 3525 1114 3591 in
1137 3525 1261 3593 verbis:
1293 3525 1348 3593 ἐάν

155 3630 214 3710 μὲν
236 3632 387 3698 άποδῶσιν
412 3634 497 3715 αὐτῷ
520 3635 575 3710 τὴν
598 3630 768 3711 βασιλείαν
794 3627 922 3718 [αὖθις]

202 3841 282 3929 Peg.
308 3838 385 3907 851.
409 3841 486 3919 μηδὲ
509 3839 679 3913 άθανάτοιις
704 3836 789 3921 ἔχειν
811 3838 870 3911 τὰς
895 3838 989 3921 θργάς
1010 3838 1040 3903 ἐν
1059 3839 1173 3915 θνητοῖς
1194 3843 1345 3922 σι’νμαοιν.

157 3945 343 4029 Floseulum
367 3968 405 4012 ex
429 3946 598 4035 Euripide:

381 4052 534 4120 άθάνατον
558 4055 649 4133 θργὲρν
671 4054 715 4132 pt
739 4049 888 4133 Φθλασσε
912 4051 1016 4128 θνητὸς
1040 4053 1088 4118 ὤν.

204 4239 286 4352 Peg.
318 4261 396 4331 854.
427 4264 647 4341 άναλαβοῦσοιι
678 4267 785 4346 ψῆφον
809 4263 842 4326 αί
866 4266 1003 4344 Φράτραι
1029 4261 1156 4352 (οιιιάοο)
1180 4260 1346 4343 τριάκοντα

160 4365 247 4437 οὖσαι
277 4369 330 4437 τὸν
359 4370 484 4452 άριθριὸν
514 4368 591 4439 οὕτω
621 4369 734 4452 μικράν
761 4369 942 4447 ἐποιήσαντο
965 4367 1019 4444 τὴν
1043 4368 1093 4435 ἐπὶ
1119 4365 1231 4451 θάτερα
1256 4372 1347 4453 ῥοπὴν
