<?xml version="1.0" encoding="UTF-8"?>
<!DOCTYPE html PUBLIC "-//W3C//DTD XHTML 1.0 Transitional//EN"
    "http://www.w3.org/TR/xhtml1/DTD/xhtml1-transitional.dtd">
<html xmlns="http://www.w3.org/1999/xhtml" xml:lang="en" lang="en">
 <head>
  <title>
</title>
<meta http-equiv="Content-Type" content="text/html;charset=utf-8" />
  <meta name='ocr-system' content='tesseract 3.04.00' />
  <meta name='ocr-capabilities' content='ocr_page ocr_carea ocr_par ocr_line ocrx_word'/>
</head>
<body>
  <div class='ocr_page' id='page_1' title='image "./observationescr00cobegoog_0207.png"; bbox 0 0 3076 5004; ppageno 0'>
   <div class='ocr_carea' id='block_1_1' title="bbox 733 263 795 336">
    <p class='ocr_par' dir='ltr' id='par_1_1' title="bbox 733 263 795 336">
     <span class='ocr_line' id='line_1_1' title="bbox 733 263 795 336; baseline 0 -2"><span class='ocrx_word' id='word_1_1' title='bbox 733 263 795 336; x_wconf 81' lang='lat'><em>179</em></span> 
     </span>
    </p>
   </div>
   <div class='ocr_carea' id='block_1_2' title="bbox 171 455 1356 758">
    <p class='ocr_par' dir='ltr' id='par_1_2' title="bbox 171 455 1356 758">
     <span class='ocr_line' id='line_1_2' title="bbox 172 455 1356 550; baseline 0.003 -29"><span class='ocrx_word' id='word_1_2' title='bbox 172 463 371 537; x_wconf 75' lang='grc' dir='ltr'><em>Οτρατηνεῖν.</em></span> <span class='ocrx_word' id='word_1_3' title='bbox 420 455 556 544; x_wconf 83' lang='lat' dir='ltr'><strong>Legitur</strong></span> <span class='ocrx_word' id='word_1_4' title='bbox 590 459 689 524; x_wconf 86' lang='lat' dir='ltr'><strong>etiam</strong></span> <span class='ocrx_word' id='word_1_5' title='bbox 723 480 796 550; x_wconf 78' lang='lat' dir='ltr'><strong>pag.</strong></span> <span class='ocrx_word' id='word_1_6' title='bbox 835 457 934 525; x_wconf 83' lang='lat'><strong>1699.</strong></span> <span class='ocrx_word' id='word_1_7' title='bbox 969 467 1166 538; x_wconf 76' lang='grc' dir='ltr'><em>σρατηνιῑσαι</em></span> <span class='ocrx_word' id='word_1_8' title='bbox 1203 457 1356 536; x_wconf 76' lang='grc' dir='ltr'><em>πολέμους</em></span> 
     </span>
     <span class='ocr_line' id='line_1_3' title="bbox 171 559 1356 653; baseline 0.003 -28"><span class='ocrx_word' id='word_1_9' title='bbox 171 559 355 634; x_wconf 87' lang='grc' dir='ltr'><em>δειυθτατος.</em></span> <span class='ocrx_word' id='word_1_10' title='bbox 401 561 463 628; x_wconf 89' lang='lat' dir='ltr'><em>Sed</em></span> <span class='ocrx_word' id='word_1_11' title='bbox 485 584 559 653; x_wconf 79' lang='lat' dir='ltr'><strong>pag.</strong></span> <span class='ocrx_word' id='word_1_12' title='bbox 586 563 662 629; x_wconf 89' lang='grc'><strong>910.</strong></span> <span class='ocrx_word' id='word_1_13' title='bbox 687 571 965 651; x_wconf 58' lang='lat' dir='ltr'><strong>prosperitatem</strong></span> <span class='ocrx_word' id='word_1_14' title='bbox 990 563 1040 630; x_wconf 80' lang='grc' dir='ltr'><em>τὸν</em></span> <span class='ocrx_word' id='word_1_15' title='bbox 1063 563 1160 645; x_wconf 85' lang='grc' dir='ltr'><em>ι’ίνδρα</em></span> <span class='ocrx_word' id='word_1_16' title='bbox 1184 564 1356 644; x_wconf 86' lang='grc' dir='ltr'><em>διανοούμε-</em></span> 
     </span>
     <span class='ocr_line' id='line_1_4' title="bbox 171 667 1297 758; baseline 0.003 -25"><span class='ocrx_word' id='word_1_17' title='bbox 171 692 216 741; x_wconf 92' lang='grc' dir='ltr'><em>νος</em></span> <span class='ocrx_word' id='word_1_18' title='bbox 241 673 325 736; x_wconf 81' lang='lat' dir='ltr'><strong>reete</strong></span> <span class='ocrx_word' id='word_1_19' title='bbox 349 667 494 758; x_wconf 79' lang='lat' dir='ltr'><strong>Sylburg</strong></span> <span class='ocrx_word' id='word_1_20' title='bbox 516 676 549 736; x_wconf 89' lang='lat' dir='ltr'><em>et</em></span> <span class='ocrx_word' id='word_1_21' title='bbox 572 669 751 757; x_wconf 78' lang='lat' dir='ltr'><strong>Stephanus</strong></span> <span class='ocrx_word' id='word_1_22' title='bbox 775 680 1058 755; x_wconf 75' lang='grc' dir='ltr'><em>καταερατημῆσαι</em></span> <span class='ocrx_word' id='word_1_23' title='bbox 1082 675 1297 757; x_wconf 84' lang='lat' dir='ltr'><strong>reposuerunt.</strong></span> 
     </span>
    </p>
   </div>
   <div class='ocr_carea' id='block_1_3' title="bbox 170 878 1359 1280">
    <p class='ocr_par' dir='ltr' id='par_1_3' title="bbox 170 878 1359 1280">
     <span class='ocr_line' id='line_1_5' title="bbox 215 878 1357 969; baseline 0.003 -23"><span class='ocrx_word' id='word_1_24' title='bbox 215 881 296 969; x_wconf 79' lang='lat' dir='ltr'><strong>Pag.</strong></span> <span class='ocrx_word' id='word_1_25' title='bbox 324 878 423 945; x_wconf 83' lang='lat'>1831.</span> <span class='ocrx_word' id='word_1_26' title='bbox 455 878 523 949; x_wconf 73' lang='grc' dir='ltr'><em>ἔται</em></span> <span class='ocrx_word' id='word_1_27' title='bbox 547 880 579 945; x_wconf 77' lang='grc' dir='ltr'><em>δὲ</em></span> <span class='ocrx_word' id='word_1_28' title='bbox 603 881 688 960; x_wconf 83' lang='grc' dir='ltr'><em>μετθι</em></span> <span class='ocrx_word' id='word_1_29' title='bbox 713 881 882 963; x_wconf 70' lang='grc' dir='ltr'><strong><em>παρρησίας</em></strong></span> <span class='ocrx_word' id='word_1_30' title='bbox 908 884 922 948; x_wconf 86' lang='grc' dir='ltr'><em>θ</em></span> <span class='ocrx_word' id='word_1_31' title='bbox 946 880 1054 961; x_wconf 74' lang='grc' dir='ltr'><em>λύγος·</em></span> <span class='ocrx_word' id='word_1_32' title='bbox 1079 880 1184 955; x_wconf 81' lang='grc' dir='ltr'><em>ύλλιος</em></span> <span class='ocrx_word' id='word_1_33' title='bbox 1207 882 1270 963; x_wconf 79' lang='grc' dir='ltr'><em>νθιρ</em></span> <span class='ocrx_word' id='word_1_34' title='bbox 1294 880 1357 949; x_wconf 77' lang='grc' dir='ltr'><em>οὔτ’</em></span> 
     </span>
     <span class='ocr_line' id='line_1_6' title="bbox 173 985 1359 1070; baseline 0.002 -15"><span class='ocrx_word' id='word_1_35' title='bbox 173 987 210 1055; x_wconf 87' lang='grc' dir='ltr'><em>θον</em></span> <span class='ocrx_word' id='word_1_36' title='bbox 235 987 295 1066; x_wconf 65' lang='lat' dir='ltr'><em>tyb</em></span> <span class='ocrx_word' id='word_1_37' title='bbox 320 986 468 1061; x_wconf 96' lang='grc' dir='ltr'><em>δυναίμην</em></span> <span class='ocrx_word' id='word_1_38' title='bbox 490 985 594 1065; x_wconf 72' lang='grc' dir='ltr'><em>λέγειν</em></span> <span class='ocrx_word' id='word_1_39' title='bbox 619 986 679 1052; x_wconf 81' lang='grc' dir='ltr'><em>οὔθ’</em></span> <span class='ocrx_word' id='word_1_40' title='bbox 704 989 774 1066; x_wconf 81' lang='grc' dir='ltr'><em>ὑμῖν</em></span> <span class='ocrx_word' id='word_1_41' title='bbox 793 987 913 1053; x_wconf 82' lang='grc' dir='ltr'><em>ύκούειν</em></span> <span class='ocrx_word' id='word_1_42' title='bbox 932 987 1092 1070; x_wconf 81' lang='grc' dir='ltr'><em>συμφέρει.</em></span> <span class='ocrx_word' id='word_1_43' title='bbox 1128 988 1359 1057; x_wconf 77' lang='lat' dir='ltr'><strong>Demosthenes</strong></span> 
     </span>
     <span class='ocr_line' id='line_1_7' title="bbox 170 1091 1359 1184; baseline 0 -23"><span class='ocrx_word' id='word_1_44' title='bbox 170 1116 244 1184; x_wconf 78' lang='lat' dir='ltr'><strong>pag.</strong></span> <span class='ocrx_word' id='word_1_45' title='bbox 273 1091 327 1158; x_wconf 82' lang='lat'><em>95.</em></span> <span class='ocrx_word' id='word_1_46' title='bbox 352 1095 387 1157; x_wconf 84' lang='lat' dir='ltr'><em>in</em></span> <span class='ocrx_word' id='word_1_47' title='bbox 410 1091 489 1159; x_wconf 89' lang='lat' dir='ltr'><strong>fine:</strong></span> <span class='ocrx_word' id='word_1_48' title='bbox 515 1093 593 1172; x_wconf 77' lang='grc' dir='ltr'><em>λέξεο</em></span> <span class='ocrx_word' id='word_1_49' title='bbox 617 1095 648 1160; x_wconf 78' lang='grc' dir='ltr'><em>δὲ</em></span> <span class='ocrx_word' id='word_1_50' title='bbox 672 1093 757 1173; x_wconf 76' lang='grc' dir='ltr'><em>μετα</em></span> <span class='ocrx_word' id='word_1_51' title='bbox 781 1094 966 1178; x_wconf 89' lang='grc' dir='ltr'><em>παρρησίας·</em></span> <span class='ocrx_word' id='word_1_52' title='bbox 991 1095 1043 1161; x_wconf 75' lang='grc' dir='ltr'><em>καὶ</em></span> <span class='ocrx_word' id='word_1_53' title='bbox 1067 1094 1131 1177; x_wconf 71' lang='grc' dir='ltr'><em>γὰρ</em></span> <span class='ocrx_word' id='word_1_54' title='bbox 1154 1095 1216 1162; x_wconf 84' lang='grc' dir='ltr'><em>οὐδ’</em></span> <span class='ocrx_word' id='word_1_55' title='bbox 1239 1095 1277 1162; x_wconf 82' lang='grc' dir='ltr'><em>θον</em></span> <span class='ocrx_word' id='word_1_56' title='bbox 1301 1094 1359 1161; x_wconf 81' lang='grc' dir='ltr'><em>θύλ-</em></span> 
     </span>
     <span class='ocr_line' id='line_1_8' title="bbox 171 1199 413 1280; baseline -0.004 -14"><span class='ocrx_word' id='word_1_57' title='bbox 171 1215 230 1270; x_wconf 87' lang='grc' dir='ltr'><em>λιις</em></span> <span class='ocrx_word' id='word_1_58' title='bbox 254 1199 413 1280; x_wconf 85' lang='grc' dir='ltr'><em>δυναίμην.</em></span> 
     </span>
    </p>
   </div>
   <div class='ocr_carea' id='block_1_4' title="bbox 171 1408 1356 1606">
    <p class='ocr_par' dir='ltr' id='par_1_4' title="bbox 171 1408 1356 1606">
     <span class='ocr_line' id='line_1_9' title="bbox 216 1408 1356 1503; baseline 0.003 -25"><span class='ocrx_word' id='word_1_59' title='bbox 216 1413 297 1503; x_wconf 80' lang='lat' dir='ltr'><strong>Pag.</strong></span> <span class='ocrx_word' id='word_1_60' title='bbox 323 1408 423 1478; x_wconf 82' lang='lat'>1832.</span> <span class='ocrx_word' id='word_1_61' title='bbox 449 1413 482 1477; x_wconf 86' lang='grc' dir='ltr'><em>αἱ</em></span> <span class='ocrx_word' id='word_1_62' title='bbox 507 1410 632 1477; x_wconf 82' lang='grc' dir='ltr'><em>ἑκούσιοι</em></span> <span class='ocrx_word' id='word_1_63' title='bbox 658 1410 762 1492; x_wconf 77' lang='grc' dir='ltr'><em>δωρεαί</em></span> <span class='ocrx_word' id='word_1_64' title='bbox 789 1419 852 1484; x_wconf 81' lang='grc' dir='ltr'><em>τοῖς</em></span> <span class='ocrx_word' id='word_1_65' title='bbox 875 1434 911 1476; x_wconf 87' lang='grc' dir='ltr'><em>τε</em></span> <span class='ocrx_word' id='word_1_66' title='bbox 935 1411 1117 1493; x_wconf 70' lang='grc' dir='ltr'><em>προεμένοις</em></span> <span class='ocrx_word' id='word_1_67' title='bbox 1138 1413 1234 1489; x_wconf 71' lang='grc' dir='ltr'><em>ἡδίους</em></span> <span class='ocrx_word' id='word_1_68' title='bbox 1248 1415 1356 1481; x_wconf 81' lang='grc' dir='ltr'><em>-καδ</em></span> 
     </span>
     <span class='ocr_line' id='line_1_10' title="bbox 171 1515 1312 1606; baseline 0.002 -22"><span class='ocrx_word' id='word_1_69' title='bbox 171 1527 233 1593; x_wconf 83' lang='grc' dir='ltr'><em>τοῖς</em></span> <span class='ocrx_word' id='word_1_70' title='bbox 256 1515 457 1596; x_wconf 71' lang='grc' dir='ltr'><em>λαμβάνουσι</em></span> <span class='ocrx_word' id='word_1_71' title='bbox 482 1517 694 1599; x_wconf 76' lang='grc' dir='ltr'><em>βεβαιότεραι.</em></span> <span class='ocrx_word' id='word_1_72' title='bbox 742 1516 946 1606; x_wconf 79' lang='lat' dir='ltr'><strong>Legendnm:</strong></span> <span class='ocrx_word' id='word_1_73' title='bbox 970 1527 1033 1592; x_wconf 79' lang='grc' dir='ltr'><em>τοῖς</em></span> <span class='ocrx_word' id='word_1_74' title='bbox 1057 1543 1093 1584; x_wconf 84' lang='grc' dir='ltr'><em>τε</em></span> <span class='ocrx_word' id='word_1_75' title='bbox 1115 1518 1312 1602; x_wconf 83' lang='grc' dir='ltr'><em>προΙεμίνοις.</em></span> 
     </span>
    </p>
   </div>
   <div class='ocr_carea' id='block_1_5' title="bbox 173 1726 1360 2132">
    <p class='ocr_par' dir='ltr' id='par_1_5' title="bbox 173 1726 1360 2132">
     <span class='ocr_line' id='line_1_11' title="bbox 216 1726 1359 1820; baseline -0.001 -23"><span class='ocrx_word' id='word_1_76' title='bbox 216 1731 297 1820; x_wconf 79' lang='lat' dir='ltr'><strong>Pag.</strong></span> <span class='ocrx_word' id='word_1_77' title='bbox 333 1727 432 1795; x_wconf 90' lang='grc'><strong>1832.</strong></span> <span class='ocrx_word' id='word_1_78' title='bbox 467 1728 532 1795; x_wconf 77' lang='grc' dir='ltr'><em>οὐδὲ</em></span> <span class='ocrx_word' id='word_1_79' title='bbox 563 1728 614 1794; x_wconf 80' lang='grc' dir='ltr'><em>τὸν</em></span> <span class='ocrx_word' id='word_1_80' title='bbox 647 1726 797 1808; x_wconf 81' lang='grc' dir='ltr'><em>ε’λύχιςον</em></span> <span class='ocrx_word' id='word_1_81' title='bbox 820 1727 925 1810; x_wconf 75' lang='grc' dir='ltr'><em>χρόνον</em></span> <span class='ocrx_word' id='word_1_82' title='bbox 957 1729 986 1792; x_wconf 78' lang='grc' dir='ltr'><em>ἕν</em></span> <span class='ocrx_word' id='word_1_83' title='bbox 1018 1728 1135 1811; x_wconf 73' lang='grc' dir='ltr'><em>ἡσυχία</em></span> <span class='ocrx_word' id='word_1_84' title='bbox 1159 1729 1211 1795; x_wconf 77' lang='grc' dir='ltr'><em>καί</em></span> <span class='ocrx_word' id='word_1_85' title='bbox 1235 1731 1359 1814; x_wconf 71' lang='grc' dir='ltr'><em>γαλήνη</em></span> 
     </span>
     <span class='ocr_line' id='line_1_12' title="bbox 175 1834 1359 1926; baseline 0.001 -25"><span class='ocrx_word' id='word_1_86' title='bbox 175 1836 398 1903; x_wconf 74' lang='grc' dir='ltr'><em>διαΚΕΙΕΘΛΙ</em></span> <span class='ocrx_word' id='word_1_87' title='bbox 424 1837 478 1911; x_wconf 76' lang='grc' dir='ltr'><em>την</em></span> <span class='ocrx_word' id='word_1_88' title='bbox 502 1834 591 1901; x_wconf 89' lang='grc' dir='ltr'><em>πθλιν</em></span> <span class='ocrx_word' id='word_1_89' title='bbox 615 1837 700 1902; x_wconf 78' lang='grc' dir='ltr'><em>ἐύπε.</em></span> <span class='ocrx_word' id='word_1_90' title='bbox 749 1836 821 1901; x_wconf 92' lang='lat' dir='ltr'><em>Non</em></span> <span class='ocrx_word' id='word_1_91' title='bbox 844 1840 892 1901; x_wconf 88' lang='lat' dir='ltr'><em>est</em></span> <span class='ocrx_word' id='word_1_92' title='bbox 914 1835 1073 1926; x_wconf 65' lang='lat' dir='ltr'><strong>ffiaeeum</strong></span> <span class='ocrx_word' id='word_1_93' title='bbox 1099 1837 1128 1900; x_wconf 83' lang='grc' dir='ltr'><em>ἐν</em></span> <span class='ocrx_word' id='word_1_94' title='bbox 1154 1837 1271 1921; x_wconf 76' lang='grc' dir='ltr'><em>ἡσυχία</em></span> <span class='ocrx_word' id='word_1_95' title='bbox 1294 1837 1359 1902; x_wconf 89' lang='grc' dir='ltr'><em>δια-</em></span> 
     </span>
     <span class='ocr_line' id='line_1_13' title="bbox 174 1939 1360 2029; baseline 0.001 -19"><span class='ocrx_word' id='word_1_96' title='bbox 174 1947 290 2011; x_wconf 81' lang='grc' dir='ltr'><em>κεῖσθαι</em></span> <span class='ocrx_word' id='word_1_97' title='bbox 314 1964 371 2029; x_wconf 92' lang='lat' dir='ltr'><em>pro</em></span> <span class='ocrx_word' id='word_1_98' title='bbox 396 1941 530 2022; x_wconf 74' lang='grc' dir='ltr'><em>ἡσυχίαν</em></span> <span class='ocrx_word' id='word_1_99' title='bbox 555 1939 638 2023; x_wconf 80' lang='grc' dir='ltr'><em>ἔχειν</em></span> <span class='ocrx_word' id='word_1_100' title='bbox 658 1942 712 2009; x_wconf 87' lang='lat' dir='ltr'><em>vel</em></span> <span class='ocrx_word' id='word_1_101' title='bbox 731 1939 834 2021; x_wconf 74' lang='grc' dir='ltr'><em>ἄνειν.</em></span> <span class='ocrx_word' id='word_1_102' title='bbox 867 1941 1110 2021; x_wconf 69' lang='lat' dir='ltr'><strong>Emendandum</strong></span> <span class='ocrx_word' id='word_1_103' title='bbox 1128 1943 1256 2008; x_wconf 85' lang='lat' dir='ltr'><strong>videtur</strong></span> <span class='ocrx_word' id='word_1_104' title='bbox 1275 1945 1360 2027; x_wconf 90' lang='lat' dir='ltr'><strong>quod</strong></span> 
     </span>
     <span class='ocr_line' id='line_1_14' title="bbox 173 2046 1358 2132; baseline -0.003 -12"><span class='ocrx_word' id='word_1_105' title='bbox 173 2053 277 2120; x_wconf 85' lang='lat' dir='ltr'><strong>estin</strong></span> <span class='ocrx_word' id='word_1_106' title='bbox 301 2071 337 2116; x_wconf 88' lang='lat' dir='ltr'><em>ea</em></span> <span class='ocrx_word' id='word_1_107' title='bbox 360 2072 393 2116; x_wconf 89' lang='lat' dir='ltr'><em>re</em></span> <span class='ocrx_word' id='word_1_108' title='bbox 417 2054 604 2117; x_wconf 78' lang='lat' dir='ltr'><strong>consuetum</strong></span> <span class='ocrx_word' id='word_1_109' title='bbox 628 2049 749 2114; x_wconf 84' lang='lat' dir='ltr'><strong>dicere:</strong></span> <span class='ocrx_word' id='word_1_110' title='bbox 774 2051 804 2114; x_wconf 82' lang='grc' dir='ltr'><em>ἐν</em></span> <span class='ocrx_word' id='word_1_111' title='bbox 830 2048 947 2132; x_wconf 73' lang='grc' dir='ltr'><em>ἡσυχίη</em></span> <span class='ocrx_word' id='word_1_112' title='bbox 971 2046 1024 2114; x_wconf 76' lang='grc' dir='ltr'><em>καί</em></span> <span class='ocrx_word' id='word_1_113' title='bbox 1049 2051 1172 2131; x_wconf 77' lang='grc' dir='ltr'><em>ναληνη</em></span> <span class='ocrx_word' id='word_1_114' title='bbox 1195 2047 1358 2118; x_wconf 71' lang='lat' dir='ltr'><em>tratrem.</em></span> 
     </span>
    </p>
   </div>
   <div class='ocr_carea' id='block_1_6' title="bbox 171 2256 1357 2668">
    <p class='ocr_par' dir='ltr' id='par_1_6' title="bbox 171 2256 1357 2668">
     <span class='ocr_line' id='line_1_15' title="bbox 216 2256 1357 2350; baseline -0.001 -20"><span class='ocrx_word' id='word_1_115' title='bbox 216 2264 296 2350; x_wconf 79' lang='lat' dir='ltr'><strong>Pag.</strong></span> <span class='ocrx_word' id='word_1_116' title='bbox 322 2260 421 2327; x_wconf 88' lang='grc'><strong>1832.</strong></span> <span class='ocrx_word' id='word_1_117' title='bbox 445 2261 470 2325; x_wconf 84' lang='grc' dir='ltr'><em>εί</em></span> <span class='ocrx_word' id='word_1_118' title='bbox 495 2262 552 2338; x_wconf 80' lang='grc' dir='ltr'><em>μὲν</em></span> <span class='ocrx_word' id='word_1_119' title='bbox 575 2256 705 2326; x_wconf 71' lang='grc' dir='ltr'><em>ἅπαντα</em></span> <span class='ocrx_word' id='word_1_120' title='bbox 728 2258 770 2324; x_wconf 79' lang='grc' dir='ltr'><em>τοὶ</em></span> <span class='ocrx_word' id='word_1_121' title='bbox 793 2257 1001 2339; x_wconf 83' lang='grc' dir='ltr'><em>βουλεύματα</em></span> <span class='ocrx_word' id='word_1_122' title='bbox 1023 2262 1077 2324; x_wconf 85' lang='grc' dir='ltr'><em>τού</em></span> <span class='ocrx_word' id='word_1_123' title='bbox 1101 2259 1249 2341; x_wconf 76' lang='grc' dir='ltr'><em>συνεδρίου</em></span> <span class='ocrx_word' id='word_1_124' title='bbox 1270 2262 1357 2338; x_wconf 70' lang='grc' dir='ltr'><em>καλοὶ</em></span> 
     </span>
     <span class='ocr_line' id='line_1_16' title="bbox 179 2361 1357 2448; baseline -0.002 -12"><span class='ocrx_word' id='word_1_125' title='bbox 179 2372 230 2436; x_wconf 85' lang='grc' dir='ltr'><em>καί</em></span> <span class='ocrx_word' id='word_1_126' title='bbox 262 2367 463 2448; x_wconf 75' lang='grc' dir='ltr'><em>συμφέρουσα</em></span> <span class='ocrx_word' id='word_1_127' title='bbox 497 2368 621 2445; x_wconf 70' lang='grc' dir='ltr'><em>ἡγεῖσθε</em></span> <span class='ocrx_word' id='word_1_128' title='bbox 652 2361 745 2443; x_wconf 77' lang='grc' dir='ltr'><em>εἶναι,</em></span> <span class='ocrx_word' id='word_1_129' title='bbox 777 2365 810 2430; x_wconf 92' lang='grc' dir='ltr'><em>τί</em></span> <span class='ocrx_word' id='word_1_130' title='bbox 840 2364 910 2446; x_wconf 73' lang='grc' dir='ltr'><em>ούχί</em></span> <span class='ocrx_word' id='word_1_131' title='bbox 942 2363 995 2429; x_wconf 73' lang='grc' dir='ltr'><em>καί</em></span> <span class='ocrx_word' id='word_1_132' title='bbox 1028 2370 1117 2431; x_wconf 83' lang='grc' dir='ltr'><em>τοῦτο</em></span> <span class='ocrx_word' id='word_1_133' title='bbox 1144 2363 1174 2431; x_wconf 84' lang='grc' dir='ltr'><em>ἓν</em></span> <span class='ocrx_word' id='word_1_134' title='bbox 1200 2367 1234 2445; x_wconf 82' lang='grc' dir='ltr'><em>ἐξ</em></span> <span class='ocrx_word' id='word_1_135' title='bbox 1256 2370 1357 2435; x_wconf 81' lang='grc' dir='ltr'><em>αὐτῶν</em></span> 
     </span>
     <span class='ocr_line' id='line_1_17' title="bbox 174 2469 1357 2559; baseline -0.001 -16"><span class='ocrx_word' id='word_1_136' title='bbox 174 2473 419 2556; x_wconf 71' lang='grc' dir='ltr'><em>ὑπολαμβάνετε</em></span> <span class='ocrx_word' id='word_1_137' title='bbox 454 2469 574 2559; x_wconf 87' lang='grc' dir='ltr'><em>[είναι];</em></span> <span class='ocrx_word' id='word_1_138' title='bbox 607 2471 667 2540; x_wconf 89' lang='lat' dir='ltr'><em>Vel</em></span> <span class='ocrx_word' id='word_1_139' title='bbox 698 2473 783 2538; x_wconf 85' lang='lat' dir='ltr'><strong>auris</strong></span> <span class='ocrx_word' id='word_1_140' title='bbox 814 2471 964 2538; x_wconf 79' lang='lat' dir='ltr'><strong>admonet</strong></span> <span class='ocrx_word' id='word_1_141' title='bbox 991 2491 1118 2555; x_wconf 89' lang='lat' dir='ltr'><strong>prorsus</strong></span> <span class='ocrx_word' id='word_1_142' title='bbox 1140 2472 1256 2540; x_wconf 87' lang='lat' dir='ltr'><strong>inutile</strong></span> <span class='ocrx_word' id='word_1_143' title='bbox 1279 2471 1357 2542; x_wconf 81' lang='grc' dir='ltr'><em>εἶναι</em></span> 
     </span>
     <span class='ocr_line' id='line_1_18' title="bbox 171 2583 477 2668; baseline -0.007 -19"><span class='ocrx_word' id='word_1_144' title='bbox 171 2583 303 2651; x_wconf 82' lang='lat' dir='ltr'><strong>reserari</strong></span> <span class='ocrx_word' id='word_1_145' title='bbox 325 2584 477 2668; x_wconf 82' lang='lat' dir='ltr'><strong>oportere.</strong></span> 
     </span>
    </p>
   </div>
   <div class='ocr_carea' id='block_1_7' title="bbox 171 2783 1356 4467">
    <p class='ocr_par' dir='ltr' id='par_1_7' title="bbox 172 2783 1356 3406">
     <span class='ocr_line' id='line_1_19' title="bbox 216 2783 1356 2879; baseline -0.003 -20"><span class='ocrx_word' id='word_1_146' title='bbox 216 2793 296 2879; x_wconf 80' lang='lat' dir='ltr'><strong>Pag.</strong></span> <span class='ocrx_word' id='word_1_147' title='bbox 330 2785 427 2855; x_wconf 81' lang='grc'><strong>1833.</strong></span> <span class='ocrx_word' id='word_1_148' title='bbox 461 2784 527 2853; x_wconf 85' lang='grc' dir='ltr'><em>ύσον</em></span> <span class='ocrx_word' id='word_1_149' title='bbox 559 2789 615 2866; x_wconf 78' lang='grc' dir='ltr'><em>μὲν</em></span> <span class='ocrx_word' id='word_1_150' title='bbox 646 2786 696 2852; x_wconf 75' lang='grc' dir='ltr'><em>ἐπὶ</em></span> <span class='ocrx_word' id='word_1_151' title='bbox 721 2796 760 2869; x_wconf 71' lang='grc' dir='ltr'><em>τῇ</em></span> <span class='ocrx_word' id='word_1_152' title='bbox 783 2783 897 2853; x_wconf 85' lang='grc' dir='ltr'><em>τούτου</em></span> <span class='ocrx_word' id='word_1_153' title='bbox 921 2783 1075 2866; x_wconf 82' lang='grc' dir='ltr'><em>ύφροσύνη</em></span> <span class='ocrx_word' id='word_1_154' title='bbox 1098 2786 1207 2853; x_wconf 77' lang='grc' dir='ltr'><em>τεκαὶ</em></span> <span class='ocrx_word' id='word_1_155' title='bbox 1231 2788 1356 2875; x_wconf 81' lang='grc' dir='ltr'><em>ύπειρίρι</em></span> 
     </span>
     <span class='ocr_line' id='line_1_20' title="bbox 174 2889 1356 2976; baseline -0.003 -11"><span class='ocrx_word' id='word_1_156' title='bbox 174 2900 324 2969; x_wconf 71' lang='grc' dir='ltr'><em>πολλάκις</em></span> <span class='ocrx_word' id='word_1_157' title='bbox 355 2895 393 2960; x_wconf 72' lang='lat' dir='ltr'><em>ar</em></span> <span class='ocrx_word' id='word_1_158' title='bbox 420 2895 491 2974; x_wconf 85' lang='grc' dir='ltr'><em>ύμῖν</em></span> <span class='ocrx_word' id='word_1_159' title='bbox 516 2892 585 2959; x_wconf 86' lang='grc' dir='ltr'><em>πθδε</em></span> <span class='ocrx_word' id='word_1_160' title='bbox 609 2893 644 2957; x_wconf 83' lang='grc' dir='ltr'><em>τδ</em></span> <span class='ocrx_word' id='word_1_161' title='bbox 669 2892 793 2976; x_wconf 83' lang='grc' dir='ltr'><em>σκύφος</em></span> <span class='ocrx_word' id='word_1_162' title='bbox 816 2891 982 2972; x_wconf 77' lang='grc' dir='ltr'><em>ούυετρύπη.</em></span> <span class='ocrx_word' id='word_1_163' title='bbox 1010 2896 1059 2956; x_wconf 83' lang='grc' dir='ltr'><em>νῦν</em></span> <span class='ocrx_word' id='word_1_164' title='bbox 1081 2889 1109 2955; x_wconf 88' lang='grc' dir='ltr'><em>δ’</em></span> <span class='ocrx_word' id='word_1_165' title='bbox 1135 2894 1152 2967; x_wconf 74' lang='grc' dir='ltr'><strong><em>ἡ</em></strong></span> <span class='ocrx_word' id='word_1_166' title='bbox 1177 2893 1219 2958; x_wconf 79' lang='grc' dir='ltr'><em>τοδ</em></span> <span class='ocrx_word' id='word_1_167' title='bbox 1243 2895 1356 2962; x_wconf 87' lang='grc' dir='ltr'><em>τούτοιν</em></span> 
     </span>
     <span class='ocr_line' id='line_1_21' title="bbox 172 2996 1354 3087; baseline -0.003 -17"><span class='ocrx_word' id='word_1_168' title='bbox 172 3003 355 3087; x_wconf 71' lang='grc' dir='ltr'><em>σφάλματα</em></span> <span class='ocrx_word' id='word_1_169' title='bbox 379 3003 582 3081; x_wconf 81' lang='grc' dir='ltr'><em>ἐπανορθοῦσα</em></span> <span class='ocrx_word' id='word_1_170' title='bbox 606 2999 658 3065; x_wconf 73' lang='grc' dir='ltr'><em>καί</em></span> <span class='ocrx_word' id='word_1_171' title='bbox 684 3001 713 3064; x_wconf 78' lang='grc' dir='ltr'><em>ἐν</em></span> <span class='ocrx_word' id='word_1_172' title='bbox 733 3001 799 3082; x_wconf 70' lang='grc' dir='ltr'><em>θρθῇ</em></span> <span class='ocrx_word' id='word_1_173' title='bbox 826 2998 989 3087; x_wconf 77' lang='grc' dir='ltr'>(ΠΛΕΙΝ)</span> <span class='ocrx_word' id='word_1_174' title='bbox 1013 2996 1198 3077; x_wconf 77' lang='grc' dir='ltr'><em>παρέχουσα</em></span> <span class='ocrx_word' id='word_1_175' title='bbox 1222 3000 1292 3077; x_wconf 85' lang='grc' dir='ltr'><em>ύμῖν</em></span> <span class='ocrx_word' id='word_1_176' title='bbox 1315 3012 1354 3084; x_wconf 69' lang='grc' dir='ltr'><em>τῇ</em></span> 
     </span>
     <span class='ocr_line' id='line_1_22' title="bbox 172 3104 1356 3188; baseline -0.005 -10"><span class='ocrx_word' id='word_1_177' title='bbox 172 3110 258 3178; x_wconf 85' lang='grc' dir='ltr'><em>πθλει</em></span> <span class='ocrx_word' id='word_1_178' title='bbox 291 3111 308 3185; x_wconf 72' lang='lat' dir='ltr'><em>ri</em></span> <span class='ocrx_word' id='word_1_179' title='bbox 342 3108 440 3188; x_wconf 77' lang='grc' dir='ltr'><em>βουλιί</em></span> <span class='ocrx_word' id='word_1_180' title='bbox 473 3109 543 3177; x_wconf 79' lang='grc' dir='ltr'><em>θςιν.</em></span> <span class='ocrx_word' id='word_1_181' title='bbox 590 3106 785 3172; x_wconf 89' lang='lat' dir='ltr'><strong>Admirabili</strong></span> <span class='ocrx_word' id='word_1_182' title='bbox 816 3108 963 3172; x_wconf 81' lang='lat' dir='ltr'><strong>acumine</strong></span> <span class='ocrx_word' id='word_1_183' title='bbox 992 3104 1110 3170; x_wconf 86' lang='lat' dir='ltr'><strong>Reishe</strong></span> <span class='ocrx_word' id='word_1_184' title='bbox 1142 3107 1241 3171; x_wconf 89' lang='lat' dir='ltr'><strong>sensit</strong></span> <span class='ocrx_word' id='word_1_185' title='bbox 1264 3115 1356 3172; x_wconf 85' lang='grc' dir='ltr'><em>πλεῖν</em></span> 
     </span>
     <span class='ocr_line' id='line_1_23' title="bbox 172 3210 1355 3297; baseline -0.005 -12"><span class='ocrx_word' id='word_1_186' title='bbox 172 3239 237 3285; x_wconf 89' lang='lat' dir='ltr'><strong>esse</strong></span> <span class='ocrx_word' id='word_1_187' title='bbox 260 3215 450 3283; x_wconf 84' lang='lat' dir='ltr'><strong>addendum.</strong></span> <span class='ocrx_word' id='word_1_188' title='bbox 485 3212 584 3279; x_wconf 81' lang='lat' dir='ltr'><strong>Haud</strong></span> <span class='ocrx_word' id='word_1_189' title='bbox 607 3215 672 3279; x_wconf 87' lang='lat' dir='ltr'><strong>srio</strong></span> <span class='ocrx_word' id='word_1_190' title='bbox 696 3234 736 3279; x_wconf 88' lang='lat' dir='ltr'><em>an</em></span> <span class='ocrx_word' id='word_1_191' title='bbox 757 3214 941 3278; x_wconf 81' lang='lat' dir='ltr'><strong>meminerit</strong></span> <span class='ocrx_word' id='word_1_192' title='bbox 960 3210 1154 3297; x_wconf 89' lang='lat' dir='ltr'><strong>Dionysium</strong></span> <span class='ocrx_word' id='word_1_193' title='bbox 1172 3211 1249 3279; x_wconf 86' lang='lat' dir='ltr'><strong>haee</strong></span> <span class='ocrx_word' id='word_1_194' title='bbox 1269 3234 1355 3279; x_wconf 87' lang='lat' dir='ltr'><strong>sum·</strong></span> 
     </span>
     <span class='ocr_line' id='line_1_24' title="bbox 172 3316 834 3406; baseline -0.009 -18"><span class='ocrx_word' id='word_1_195' title='bbox 172 3327 247 3390; x_wconf 89' lang='lat' dir='ltr'><strong>sisse</strong></span> <span class='ocrx_word' id='word_1_196' title='bbox 272 3344 311 3388; x_wconf 83' lang='lat' dir='ltr'><em>ex</em></span> <span class='ocrx_word' id='word_1_197' title='bbox 334 3318 499 3406; x_wconf 78' lang='lat' dir='ltr'><strong>Sophoclis</strong></span> <span class='ocrx_word' id='word_1_198' title='bbox 516 3319 664 3399; x_wconf 67' lang='lat' dir='ltr'><em>Antipera</em></span> <span class='ocrx_word' id='word_1_199' title='bbox 685 3340 732 3384; x_wconf 86' lang='lat' dir='ltr'><em>vs.</em></span> <span class='ocrx_word' id='word_1_200' title='bbox 759 3316 834 3382; x_wconf 89' lang='grc'><em>190.</em></span> 
     </span>
    </p>

    <p class='ocr_par' dir='ltr' id='par_1_8' title="bbox 443 3421 1120 3609">
     <span class='ocr_line' id='line_1_25' title="bbox 443 3421 1067 3505; baseline 0 -17"><span class='ocrx_word' id='word_1_201' title='bbox 443 3422 488 3499; x_wconf 64' lang='grc' dir='ltr'><em>ὅδ’</em></span> <span class='ocrx_word' id='word_1_202' title='bbox 513 3423 575 3492; x_wconf 77' lang='grc' dir='ltr'><em>ε’ςὶν</em></span> <span class='ocrx_word' id='word_1_203' title='bbox 598 3425 614 3499; x_wconf 75' lang='grc' dir='ltr'><em>οἱ</em></span> <span class='ocrx_word' id='word_1_204' title='bbox 638 3423 776 3505; x_wconf 77' lang='grc' dir='ltr'><em>σώζουσα</em></span> <span class='ocrx_word' id='word_1_205' title='bbox 800 3423 852 3488; x_wconf 81' lang='grc' dir='ltr'><em>καί</em></span> <span class='ocrx_word' id='word_1_206' title='bbox 875 3422 993 3498; x_wconf 79' lang='grc' dir='ltr'><em>ταύτης</em></span> <span class='ocrx_word' id='word_1_207' title='bbox 1018 3421 1067 3488; x_wconf 79' lang='grc' dir='ltr'><em>ἔπι</em></span> 
     </span>
     <span class='ocr_line' id='line_1_26' title="bbox 443 3529 1120 3609; baseline -0.001 -14"><span class='ocrx_word' id='word_1_208' title='bbox 443 3529 587 3601; x_wconf 80' lang='grc' dir='ltr'><em>πλέοντες</em></span> <span class='ocrx_word' id='word_1_209' title='bbox 612 3530 694 3609; x_wconf 75' lang='grc' dir='ltr'><em>θρθῆς</em></span> <span class='ocrx_word' id='word_1_210' title='bbox 718 3531 787 3602; x_wconf 84' lang='grc' dir='ltr'><em>τούς</em></span> <span class='ocrx_word' id='word_1_211' title='bbox 808 3535 919 3609; x_wconf 63' lang='lat' dir='ltr'><strong>ottone</strong></span> <span class='ocrx_word' id='word_1_212' title='bbox 944 3529 1120 3607; x_wconf 90' lang='grc' dir='ltr'><em>ποιούμεθα.</em></span> 
     </span>
    </p>

    <p class='ocr_par' dir='ltr' id='par_1_9' title="bbox 171 3633 1356 4467">
     <span class='ocr_line' id='line_1_27' title="bbox 215 3633 1356 3729; baseline 0.005 -25"><span class='ocrx_word' id='word_1_213' title='bbox 215 3638 323 3705; x_wconf 77' lang='lat' dir='ltr'><strong>Etiam</strong></span> <span class='ocrx_word' id='word_1_214' title='bbox 347 3637 411 3702; x_wconf 89' lang='lat' dir='ltr'><strong>alio</strong></span> <span class='ocrx_word' id='word_1_215' title='bbox 433 3634 502 3701; x_wconf 85' lang='lat' dir='ltr'><strong>loeo</strong></span> <span class='ocrx_word' id='word_1_216' title='bbox 527 3635 637 3700; x_wconf 87' lang='lat' dir='ltr'><strong>eadem</strong></span> <span class='ocrx_word' id='word_1_217' title='bbox 660 3637 893 3721; x_wconf 81' lang='lat' dir='ltr'><strong>comparatione</strong></span> <span class='ocrx_word' id='word_1_218' title='bbox 916 3633 1090 3721; x_wconf 82' lang='lat' dir='ltr'><strong>Sophoclea</strong></span> <span class='ocrx_word' id='word_1_219' title='bbox 1111 3657 1187 3703; x_wconf 87' lang='lat' dir='ltr'><strong>usus</strong></span> <span class='ocrx_word' id='word_1_220' title='bbox 1210 3644 1259 3703; x_wconf 90' lang='lat' dir='ltr'><em>est</em></span> <span class='ocrx_word' id='word_1_221' title='bbox 1280 3661 1356 3729; x_wconf 78' lang='lat' dir='ltr'><strong>pag.</strong></span> 
     </span>
     <span class='ocr_line' id='line_1_28' title="bbox 172 3737 1355 3820; baseline 0.001 -9"><span class='ocrx_word' id='word_1_222' title='bbox 172 3743 249 3812; x_wconf 81' lang='grc'><strong>285.</strong></span> <span class='ocrx_word' id='word_1_223' title='bbox 283 3743 372 3809; x_wconf 87' lang='grc' dir='ltr'><em>πθλιυ</em></span> <span class='ocrx_word' id='word_1_224' title='bbox 404 3738 686 3820; x_wconf 74' lang='grc' dir='ltr'><em>θύσασαν-ὀρθήν</em></span> <span class='ocrx_word' id='word_1_225' title='bbox 716 3765 751 3805; x_wconf 91' lang='grc' dir='ltr'><em>πε</em></span> <span class='ocrx_word' id='word_1_226' title='bbox 783 3750 873 3807; x_wconf 82' lang='grc' dir='ltr'><em>πλεῖν</em></span> <span class='ocrx_word' id='word_1_227' title='bbox 905 3743 982 3813; x_wconf 79' lang='grc' dir='ltr'><em>εἰκὸς</em></span> <span class='ocrx_word' id='word_1_228' title='bbox 1008 3737 1081 3805; x_wconf 85' lang='grc' dir='ltr'><em>ύταν</em></span> <span class='ocrx_word' id='word_1_229' title='bbox 1105 3743 1130 3806; x_wconf 83' lang='grc' dir='ltr'><em>οἱ</em></span> <span class='ocrx_word' id='word_1_230' title='bbox 1154 3748 1211 3806; x_wconf 82' lang='grc' dir='ltr'><em>τῶν</em></span> <span class='ocrx_word' id='word_1_231' title='bbox 1234 3743 1355 3812; x_wconf 75' lang='grc' dir='ltr'><em>ἰδιωτῶν</em></span> 
     </span>
     <span class='ocr_line' id='line_1_29' title="bbox 172 3844 1354 3930; baseline -0.002 -12"><span class='ocrx_word' id='word_1_232' title='bbox 172 3852 317 3922; x_wconf 78' lang='grc' dir='ltr'><em>εύςαθῶσι</em></span> <span class='ocrx_word' id='word_1_233' title='bbox 350 3848 411 3928; x_wconf 81' lang='grc' dir='ltr'><em>βίοι</em></span> <span class='ocrx_word' id='word_1_234' title='bbox 442 3846 492 3911; x_wconf 74' lang='grc' dir='ltr'><em>καί</em></span> <span class='ocrx_word' id='word_1_235' title='bbox 526 3852 669 3928; x_wconf 80' lang='grc' dir='ltr'><em>χειμῶνα</em></span> <span class='ocrx_word' id='word_1_236' title='bbox 700 3848 795 3912; x_wconf 86' lang='grc' dir='ltr'><em>πολὺν</em></span> <span class='ocrx_word' id='word_1_237' title='bbox 819 3845 909 3925; x_wconf 63' lang='lat' dir='ltr'><em>tyre</em></span> <span class='ocrx_word' id='word_1_238' title='bbox 933 3844 1006 3911; x_wconf 84' lang='grc' dir='ltr'><em>ύταν</em></span> <span class='ocrx_word' id='word_1_239' title='bbox 1030 3849 1130 3919; x_wconf 78' lang='grc' dir='ltr'><em>κακῶς</em></span> <span class='ocrx_word' id='word_1_240' title='bbox 1154 3846 1213 3930; x_wconf 83' lang='grc' dir='ltr'><em>ἔχη</em></span> <span class='ocrx_word' id='word_1_241' title='bbox 1235 3847 1354 3925; x_wconf 82' lang='grc' dir='ltr'><em>ἑκύςοις</em></span> 
     </span>
     <span class='ocr_line' id='line_1_30' title="bbox 171 3951 1356 4038; baseline 0.002 -16"><span class='ocrx_word' id='word_1_242' title='bbox 171 3959 214 4023; x_wconf 75' lang='grc' dir='ltr'><em>τοὶ</em></span> <span class='ocrx_word' id='word_1_243' title='bbox 245 3957 318 4023; x_wconf 71' lang='lat' dir='ltr'><strong>tera.</strong></span> <span class='ocrx_word' id='word_1_244' title='bbox 365 3953 515 4019; x_wconf 81' lang='lat' dir='ltr'><strong>Nobilem</strong></span> <span class='ocrx_word' id='word_1_245' title='bbox 546 3951 710 4038; x_wconf 76' lang='lat' dir='ltr'><strong>Sophoclis</strong></span> <span class='ocrx_word' id='word_1_246' title='bbox 733 3956 815 4033; x_wconf 68' lang='grc' dir='ltr'><em>ρἠσιν</em></span> <span class='ocrx_word' id='word_1_247' title='bbox 839 3951 1058 4018; x_wconf 79' lang='lat' dir='ltr'><strong>admirabilem</strong></span> <span class='ocrx_word' id='word_1_248' title='bbox 1083 3955 1117 4017; x_wconf 90' lang='lat' dir='ltr'><em>in</em></span> <span class='ocrx_word' id='word_1_249' title='bbox 1139 3955 1272 4021; x_wconf 88' lang='lat' dir='ltr'><strong>modum</strong></span> <span class='ocrx_word' id='word_1_250' title='bbox 1295 3956 1356 4024; x_wconf 91' lang='lat' dir='ltr'><em>De·</em></span> 
     </span>
     <span class='ocr_line' id='line_1_31' title="bbox 171 4058 1355 4146; baseline 0.001 -17"><span class='ocrx_word' id='word_1_251' title='bbox 171 4063 353 4129; x_wconf 89' lang='lat' dir='ltr'><strong>mosthenes</strong></span> <span class='ocrx_word' id='word_1_252' title='bbox 375 4081 447 4146; x_wconf 79' lang='lat' dir='ltr'><strong>pag.</strong></span> <span class='ocrx_word' id='word_1_253' title='bbox 476 4058 551 4124; x_wconf 84' lang='grc'><strong>418.</strong></span> <span class='ocrx_word' id='word_1_254' title='bbox 566 4080 632 4145; x_wconf 88' lang='lat' dir='ltr'><strong>sqq.</strong></span> <span class='ocrx_word' id='word_1_255' title='bbox 657 4061 692 4123; x_wconf 90' lang='lat' dir='ltr'><em>in</em></span> <span class='ocrx_word' id='word_1_256' title='bbox 712 4080 779 4124; x_wconf 87' lang='lat' dir='ltr'><em>rem</em></span> <span class='ocrx_word' id='word_1_257' title='bbox 801 4079 891 4123; x_wconf 89' lang='lat' dir='ltr'><strong>suam</strong></span> <span class='ocrx_word' id='word_1_258' title='bbox 911 4059 1083 4133; x_wconf 85' lang='lat' dir='ltr'><strong>convertit,</strong></span> <span class='ocrx_word' id='word_1_259' title='bbox 1104 4058 1161 4122; x_wconf 88' lang='lat' dir='ltr'><em>ubi</em></span> <span class='ocrx_word' id='word_1_260' title='bbox 1180 4061 1214 4123; x_wconf 90' lang='lat' dir='ltr'><em>in</em></span> <span class='ocrx_word' id='word_1_261' title='bbox 1225 4063 1355 4130; x_wconf 82' lang='lat' dir='ltr'><strong>Aeschi-</strong></span> 
     </span>
     <span class='ocr_line' id='line_1_32' title="bbox 171 4161 1355 4252; baseline 0.001 -18"><span class='ocrx_word' id='word_1_262' title='bbox 171 4191 245 4234; x_wconf 89' lang='lat' dir='ltr'><em>nem</em></span> <span class='ocrx_word' id='word_1_263' title='bbox 275 4168 335 4232; x_wconf 89' lang='lat' dir='ltr'><em>hoe</em></span> <span class='ocrx_word' id='word_1_264' title='bbox 366 4171 492 4250; x_wconf 80' lang='lat' dir='ltr'><strong>torquet</strong></span> <span class='ocrx_word' id='word_1_265' title='bbox 518 4186 592 4252; x_wconf 81' lang='lat' dir='ltr'><strong>pag.</strong></span> <span class='ocrx_word' id='word_1_266' title='bbox 617 4163 691 4228; x_wconf 84' lang='grc'><em>419.</em></span> <span class='ocrx_word' id='word_1_267' title='bbox 716 4167 750 4229; x_wconf 93' lang='lat' dir='ltr'><em>in</em></span> <span class='ocrx_word' id='word_1_268' title='bbox 774 4162 852 4230; x_wconf 91' lang='lat' dir='ltr'><strong>fine:</strong></span> <span class='ocrx_word' id='word_1_269' title='bbox 877 4165 989 4231; x_wconf 80' lang='grc' dir='ltr'><em>τούτων</em></span> <span class='ocrx_word' id='word_1_270' title='bbox 1012 4163 1093 4228; x_wconf 76' lang='grc' dir='ltr'><em>οὐδὲν</em></span> <span class='ocrx_word' id='word_1_271' title='bbox 1117 4161 1272 4244; x_wconf 77' lang='grc' dir='ltr'><em>ἐσκέψατο</em></span> <span class='ocrx_word' id='word_1_272' title='bbox 1295 4172 1355 4236; x_wconf 82' lang='grc' dir='ltr'><em>οὐδ’</em></span> 
     </span>
     <span class='ocr_line' id='line_1_33' title="bbox 172 4269 1356 4360; baseline 0.003 -22"><span class='ocrx_word' id='word_1_273' title='bbox 172 4271 251 4346; x_wconf 83' lang='grc' dir='ltr'><em>θπιος</em></span> <span class='ocrx_word' id='word_1_274' title='bbox 271 4272 337 4355; x_wconf 77' lang='grc' dir='ltr'><em>θρθη</em></span> <span class='ocrx_word' id='word_1_275' title='bbox 357 4271 528 4337; x_wconf 86' lang='grc' dir='ltr'><em>πλεύσεται</em></span> <span class='ocrx_word' id='word_1_276' title='bbox 550 4272 701 4352; x_wconf 76' lang='grc' dir='ltr'><em>προείδετο</em></span> <span class='ocrx_word' id='word_1_277' title='bbox 721 4269 797 4335; x_wconf 69' lang='grc' dir='ltr'><em>ἀλλ’</em></span> <span class='ocrx_word' id='word_1_278' title='bbox 818 4269 967 4352; x_wconf 79' lang='grc' dir='ltr'><em>ύνθτρεψε</em></span> <span class='ocrx_word' id='word_1_279' title='bbox 987 4269 1038 4336; x_wconf 78' lang='grc' dir='ltr'><em>καί</em></span> <span class='ocrx_word' id='word_1_280' title='bbox 1059 4270 1241 4356; x_wconf 78' lang='grc' dir='ltr'><em>κατέδυσεν,</em></span> <span class='ocrx_word' id='word_1_281' title='bbox 1260 4296 1356 4360; x_wconf 87' lang='lat' dir='ltr'><strong>quem</strong></span> 
     </span>
     <span class='ocr_line' id='line_1_34' title="bbox 172 4375 1354 4467; baseline 0.002 -20"><span class='ocrx_word' id='word_1_282' title='bbox 172 4383 279 4467; x_wconf 87' lang='lat' dir='ltr'><strong>ipsum</strong></span> <span class='ocrx_word' id='word_1_283' title='bbox 296 4379 403 4444; x_wconf 80' lang='lat' dir='ltr'><strong>lorum</strong></span> <span class='ocrx_word' id='word_1_284' title='bbox 421 4377 574 4466; x_wconf 86' lang='lat' dir='ltr'><strong>Dionysio</strong></span> <span class='ocrx_word' id='word_1_285' title='bbox 591 4376 650 4443; x_wconf 85' lang='lat' dir='ltr'><strong>illa</strong></span> <span class='ocrx_word' id='word_1_286' title='bbox 665 4376 815 4442; x_wconf 90' lang='lat' dir='ltr'><strong>seribenti</strong></span> <span class='ocrx_word' id='word_1_287' title='bbox 831 4377 871 4442; x_wconf 92' lang='lat' dir='ltr'><em>ob</em></span> <span class='ocrx_word' id='word_1_288' title='bbox 887 4375 995 4443; x_wconf 86' lang='lat' dir='ltr'><strong>oeulos</strong></span> <span class='ocrx_word' id='word_1_289' title='bbox 1011 4376 1108 4441; x_wconf 86' lang='lat' dir='ltr'><strong>fuisse</strong></span> <span class='ocrx_word' id='word_1_290' title='bbox 1123 4377 1285 4462; x_wconf 89' lang='lat' dir='ltr'><strong>probabile</strong></span> <span class='ocrx_word' id='word_1_291' title='bbox 1297 4389 1354 4450; x_wconf 87' lang='lat' dir='ltr'><strong>est.</strong></span> 
     </span>
    </p>
   </div>
   <div class='ocr_carea' id='block_1_8' title="bbox 0 0 1542 5004">
    <p class='ocr_par' dir='ltr' id='par_1_10' title="bbox 0 0 1542 5004">
     <span class='ocr_line' id='line_1_35' title="bbox 0 0 1542 5004; baseline 0 1"><span class='ocrx_word' id='word_1_292' title='bbox 0 0 1542 5004; x_wconf 95' lang='lat' dir='ltr'><em> </em></span> 
     </span>
    </p>
   </div>
  </div>
 </body>
</html>
