3076 5004
808 239 850 309 96

234 428 345 504 σίπιςον
375 432 431 516 ἐφ’
463 433 584 506 ἑαυτοῖς
615 438 725 514 ποιεῖν,
756 435 791 501 id
818 436 867 501 eei
889 440 989 500 αθοκοι
1012 433 1154 500 credibile
1175 433 1216 499 οίθ
1237 456 1277 500 αα
1299 455 1360 500 κοα
1380 432 1425 499 aii

233 564 286 608 οαο
318 539 444 605 arbitrio
475 539 666 618 οοιιοθῖθαοοο,
697 543 804 626 prouti
835 543 967 627 quicque
999 541 1032 606 id
1057 563 1089 607 ee
1112 541 1219 626 ipsum
1242 546 1298 607 aut
1320 541 1425 607 facere

232 669 323 734 posse
357 651 413 713 aut
440 666 503 711 non
526 666 616 732 posse
640 648 810 712 existimet.
859 644 1044 713 Celebratns
1067 651 1115 711 esi
1138 646 1222 731 apud
1244 667 1353 713 omnes
1375 647 1425 714 lo·

234 773 289 819 cus
321 752 520 840 Thucydidis
551 753 591 818 ΙΙ.
624 751 677 818 35.
709 753 803 832 μέχρι
832 754 895 834 γὰρ
917 754 1005 819 τοῦδε
1030 751 1149 817 οὶνεκτοί
1173 755 1199 818 οἱ
1224 750 1341 819 ἔπαινοί
1363 756 1423 820 είσι

232 859 299 940 περί
325 860 430 940 ἑτέρων
452 859 614 937 λενθμενοι
646 859 676 930 ἐς
706 854 772 924 ὅσον
801 857 839 925 θον
863 859 916 924 καί
942 858 1035 931 αὐτὸς
1060 854 1169 929 ἕκαςος
1194 856 1293 947 οίηται
1318 861 1423 933 ἱκανὸς

232 962 309 1032 εἶναι
332 964 445 1046 δροῖσαί
467 987 497 1029 τι
521 961 559 1029 ὧν
582 962 720 1042 ἤκουσεν·
745 966 786 1048 τῷ
811 965 844 1032 δὲ
868 963 1096 1047 ὑπερβάλλοντι
1120 965 1222 1030 αὐτῶν
1241 965 1422 1044 φθονοῦντες

232 1073 286 1151 ἤδη
322 1071 375 1138 καὶ
409 1071 580 1141 οῖπιςοῦσιν.
627 1070 699 1138 Ηοο
728 1073 835 1157 ipsum
865 1077 913 1138 esi
943 1071 978 1137 πθ
1011 1069 1100 1140 πιςθυ
1132 1071 1184 1135 καὶ
1221 1067 1331 1140 θιπιτον
1367 1073 1423 1154 ἐφ’

232 1180 332 1260 ἑαυτςῐΙ
359 1185 467 1244 ποιεῖν.
516 1176 688 1244 Sallustius
710 1178 798 1243 Catil.
823 1177 854 1244 3.
880 1178 1036 1265 quaesibi
1058 1177 1180 1265 quiaque
1193 1177 1315 1261 facilia
1323 1179 1424 1265 factu

223 1292 317 1372 ραθοθ
340 1306 431 1370 aequo
454 1283 553 1348 οαίικο
575 1284 702 1368 accepit:
723 1307 814 1369 ουροο
837 1307 872 1349 ea
894 1285 989 1350 υοθαθί
1003 1288 1081 1369 ficta
1101 1306 1157 1367 pro
1172 1284 1273 1364 fadaia
1295 1285 1390 1350 ducit.

276 1391 376 1458 Nulla
404 1396 453 1457 est
475 1389 635 1456 dubitatio
659 1393 735 1477 quin
758 1390 956 1479 Thucydidis
978 1391 1067 1458 locus
1088 1390 1243 1478 Dionysio
1265 1389 1323 1456 illa
1345 1392 1424 1457 scri·

229 1501 320 1567 benti
343 1499 527 1565 obversatus
551 1495 657 1563 fuerit.

275 1709 357 1797 Pag.
388 1703 466 1773 860.
500 1705 558 1780 πθις
591 1704 739 1778 ε’πιςολδος
771 1711 831 1771 τῶν
854 1706 884 1771 ἐν
908 1715 947 1790 τῇ
971 1705 1144 1791 συνωμοσίᾳ
1172 1705 1421 1773 διασκεππθ·

230 1839 365 1896 μενος,
391 1815 506 1881 vitiose
530 1813 613 1878 dixit
635 1832 692 1899 pro
714 1812 885 1877 διασκοπῶν
906 1813 960 1880 vel
983 1812 1251 1891 διασκοπούμενος.
1289 1812 1422 1880 Veteres

231 1921 378 1988 dicebant
417 1928 541 1984 σκοπεῖν
585 1918 638 1985 vel
679 1919 876 2004 σκοπεῖσθαι,
913 1919 967 1984 sed
1002 1918 1178 2000 σκέψομαι,
1215 1917 1420 2000 ε’σκεψοίμην,

231 2028 403 2106 ἔσκεμμαι,
435 2024 591 2098 οῖσκεπτος
623 2028 655 2090 ei
686 2025 844 2090 σκεπτέον.
893 2022 1077 2103 Σκθπτομαι
1108 2025 1319 2092 Homericum
1349 2031 1420 2113 est,

230 2141 262 2202 et
304 2134 422 2201 formas
463 2131 604 2206 σκοπθσω
615 2179 624 2210 ,
661 2130 840 2210 ε’σκθπησα,
881 2131 1046 2207 σκοπητὲον
1081 2132 1151 2197 faex
1187 2128 1420 2198 Graeculorum

228 2240 412 2328 usurpabat.
480 2250 483 2254 ’

273 2451 353 2538 Pag.
378 2446 455 2514 861.
479 2445 549 2513 οὕτε
572 2444 635 2527 γθιρ
659 2442 785 2512 θλλοΘΙ
810 2457 898 2514 ΠΟΥ
924 2450 1130 2539 συνεχώρησεν
1153 2446 1360 2530 ἀπαχθέντας
1374 2486 1418 2498 ·-

228 2556 402 2623 οῖποθανεῖν.
449 2550 681 2640 corrigendam
709 2551 825 2619 ἄλλοσέ
856 2578 926 2631 ποι,
958 2557 993 2619 in
1024 2556 1140 2640 quibus
1169 2555 1275 2622 verbis
1298 2556 1419 2623 scribae

227 2667 379 2750 perpetuo
403 2660 554 2727 titubant.

273 2872 355 2960 Pag.
390 2867 464 2934 862.
500 2867 642 2956 (Βουθαο)
674 2869 837 2950 εὐκαρδίως
872 2868 984 2948 ἤνεγκε
1008 2870 1062 2945 την
1085 2869 1258 2952 συμψοροθν.
1304 2870 1419 2961 Tragi-

228 2999 339 3046 corum
362 2981 409 3043 est
433 2973 587 3057 εὐκοθρδιος
611 2980 644 3040 ei
663 2976 836 3057 εὐκαρδίως.
873 2975 1130 3044 Obversabaniur
1148 2978 1303 3067 Dionysio
1320 2979 1421 3047 verba

228 3084 410 3173 Polyxenae
434 3081 558 3169 (Ηοουθ.
584 3079 675 3169 544).

479 3187 590 3252 ἑκοῦσα
614 3188 746 3285 θννίσκω·ι
769 3189 813 3266 μη’
839 3210 886 3260 τις
909 3184 1032 3268 θθψηται
1055 3189 1144 3270 χροὸς

478 3295 611 3378 τούμοῦ,
637 3291 758 3374 παρέξω
781 3293 845 3378 qap
869 3293 953 3376 δέρην
976 3295 1151 3378 εὐκαρδίως.

273 3506 354 3593 Pag.
387 3499 465 3568 865.
498 3498 671 3580 ἕβουλθμην
693 3501 749 3580 μὲν
775 3511 851 3583 ΔΗ,
877 3500 898 3568 ὦ
921 3501 1025 3586 ἄνδρες
1057 3512 1202 3584 πολῖται,
1227 3513 1417 3573 Κολλατῖνον

229 3610 344 3679 τουτουί
369 3607 420 3675 τδν
449 3605 569 3697 [ἄνδρα]
597 3606 792 3690 συνοίρχοντα
818 3608 918 3697 [ὄντα]
943 3610 1011 3692 περὶ
1031 3608 1179 3676 οὶποίντων
1198 3634 1249 3688 μοι
1268 3611 1311 3677 τοδ
1330 3614 1418 3679 αὐτοὶ

228 3726 357 3802 φρονεῖν.
405 3715 541 3781 Urbinas
574 3718 659 3780 recte
695 3717 819 3781 omittit
853 3714 948 3796 ἄνδρα
983 3721 1015 3782 ei
1044 3715 1156 3792 αὐτόν,
1190 3717 1245 3782 sed
1276 3738 1338 3783 non
1369 3725 1418 3785 esi

229 3827 316 3893 sabin.
362 3822 436 3888 Dici
466 3823 572 3907 potuit
602 3828 791 3887 Κολλατῖνον
824 3822 941 3888 τουτονί
951 3870 960 3900 ,
992 3828 1048 3888 aui
1080 3822 1195 3888 τουτονὶ
1228 3824 1279 3888 τὸν
1310 3823 1417 3906 συνοίρ·

228 3954 347 4013 χοντα,
379 3948 443 3993 non
476 3928 583 4012 potuit
617 3932 792 4014 uirumque
827 3931 989 4017 coniungi.
1035 3929 1193 4014 Equidem
1229 3937 1417 3996 Κολλατῖνον

229 4037 455 4124 expunxerim,
480 4032 565 4118 quod
587 4032 745 4099 tralaticio
767 4055 856 4100 more
880 4039 928 4100 est
950 4035 1187 4120 interpolatum.

268 4141 323 4209 Ὦ
357 4138 461 4220 ἄνδρες
492 4148 619 4205 πολῖται
646 4160 740 4205 nemo
763 4139 916 4206 Veterum
939 4162 1094 4226 umquam
1119 4141 1217 4205 dixit:
1242 4137 1264 4205 ὦ
1288 4149 1417 4209 πολῖται

227 4248 478 4318 usitatissimum
522 4250 584 4324 eei,
625 4267 740 4333 nempe
777 4254 904 4313 πολῖται
940 4245 1100 4336 significat
1134 4256 1344 4325 συμπολῖται,
1379 4255 1418 4315 ut

227 4358 343 4438 Latine
366 4376 383 4421 ο
406 4357 489 4419 οιόοο.
