3076 5004
803 269 846 342 74

271 456 350 546 Peg.
377 460 453 527 596.
479 464 595 544 πονηροὶ
619 463 762 540 δόξαντες
784 462 934 530 εἶναικαὶ
957 469 1074 542 πολλὴν
1097 467 1279 550 ὄφλοντος
1304 459 1418 548 αἰσχύ-

228 589 276 639 ννν
301 569 448 640 άτῆλάον.
486 570 664 657 Perpetuus
688 574 864 637 scribarum
889 595 974 639 error
995 580 1043 639 eet
1066 577 1100 638 in
1124 576 1226 657 ὀφλών
1247 580 1280 640 et
1299 577 1420 657 ὀφλεῖν.

226 673 391 742 Aoristum
415 697 481 742 esse
504 677 557 743 vel
579 678 631 743 hie
652 700 736 743 unus
758 678 846 744 lesus
870 672 1077 745 demonstrat.

633 939 674 985 AD
698 936 821 984 LIBRUM
844 935 1007 994 Quluuuu.
1093 927 1101 940 '

273 1097 352 1184 Peg.
386 1096 461 1162 635.
495 1100 557 1165 elai
590 1106 645 1168 τῆς
669 1098 754 1170 isiae
780 1105 836 1164 τῶν
860 1097 1095 1184 ξβασολέων,
1128 1103 1160 1164 et
1183 1120 1255 1186 pag.
1284 1097 1361 1165 637.
1387 1102 1420 1164 ἐν

228 1211 267 1283 τῇ
292 1204 410 1271 σαςάδν
439 1211 497 1269 τῶν
528 1204 745 1281 βασιλέων.
794 1203 970 1289 Utrobique
993 1212 1051 1268 τῶν
1075 1205 1243 1282 βασιλείων
1268 1227 1422 1292 reponan-

229 1311 325 1392 dum,
350 1316 387 1374 ut
410 1318 495 1376 reete
518 1311 639 1398 legitur
664 1332 737 1398 pag.
761 1310 837 1375 641.
859 1312 926 1392 σάςΙ
939 1318 996 1375 τῶν
1021 1311 1190 1388 βασιλείων
1209 1313 1299 1390 θύρας
1322 1310 1423 1376 ἔκλεο-

229 1439 296 1493 σεν,
330 1422 361 1479 et
391 1418 435 1480 eie
467 1420 597 1501 passim.
647 1419 686 1482 Οἱ
719 1418 862 1495 βασιλεῖς
892 1418 976 1501 apud
1003 1417 1195 1503 Dionysium
1219 1418 1422 1504 appellantur

230 1523 295 1586 Rea
318 1529 347 1585 et
370 1523 505 1603 Raptae,
530 1523 614 1608 quod
636 1525 670 1586 in
694 1522 766 1588 illos
789 1522 875 1588 lones
898 1544 961 1588 non
986 1526 1143 1588 convenit.

277 1731 355 1819 Peg.
381 1731 456 1797 637.
480 1737 538 1810 τῦρ
555 1732 742 1812 «ἀνέλαμψεν
764 1733 814 1796 ἐστὶ
836 1741 891 1808 τῆς
905 1738 1047 1814 κεφαλῆς
1061 1736 1167 1800 αὐτοῦ.
1204 1735 1423 1822 Ineongruum

230 1831 278 1903 est
303 1839 364 1902 ε’τί.
400 1839 535 1902 Flamma
559 1861 596 1904 ex
622 1843 724 1924 eapite
748 1840 883 1917 enitescit,
904 1840 1087 1918 ἀνέλαμψεν
1107 1841 1170 1906 ἘΚ
1190 1848 1244 1914 τῆς
1262 1847 1420 1923 κεφαλῆς.

275 2047 355 2135 Peg.
384 2046 460 2113 638.
485 2050 631 2128 ςεΦάνονς
654 2044 738 2120 αὖθις
758 2050 897 2128 άμςείονς
920 2050 976 2114 ὑπὸ
997 2057 1050 2115 τοῦ
1071 2050 1225 2129 βασιλέως
1248 2055 1421 2128 ἐκοσμεῖτο.

229 2152 328 2239 Saepe
360 2157 405 2220 sie
437 2155 610 2241 Dionysius
639 2154 782 2239 loquitur
812 2157 964 2221 vitiosam
987 2157 1170 2241 aequalium
1194 2159 1350 2232 συνήθειαν
1374 2178 1422 2222 se-

229 2267 338 2335 cutus,
373 2264 473 2346 quasi⁴
500 2266 582 2327 esset
617 2262 813 2327 adieetivum
848 2263 879 2346 ὁ,
916 2265 932 2338 ἡ
968 2265 1107 2342 spissior.
1155 2264 1286 2328 Frustra
1317 2266 1422 2350 igitur

229 2367 423 2455 Sylburgius
446 2389 518 2455 pag.
548 2365 645 2434 1701.
672 2377 735 2439 τοῖς
760 2370 899 2448 άμςενόνς
923 2370 1069 2449 espeisse&
1095 2370 1263 2446 ἐκόσμησεν
1290 2391 1420 2455 repone-

228 2476 283 2540 bat
307 2475 456 2550 άμςείας.
505 2475 565 2538 Est
595 2473 749 2560 Dionysio
773 2496 849 2540 suus
873 2497 958 2542 error
981 2477 1223 2560 relinquendus,
1248 2479 1304 2561 qui
1327 2497 1420 2561 saepe

229 2581 384 2646 adieetivo
416 2581 545 2659 άρίςενος
578 2583 623 2644 sie
655 2584 776 2666 utitur,
806 2587 845 2647 ut
874 2604 948 2669 pag.
982 2579 1082 2649 1773.
1121 2583 1267 2661 άμςείονα
1303 2583 1418 2658 τομάς,

229 2690 423 2772 eaeterisque
445 2686 523 2751 loeis
547 2707 566 2752 a
588 2686 784 2776 Kiesslingio
808 2689 969 2753 indicatis.

273 2899 354 2986 Pag.
379 2897 454 2962 640.
480 2897 570 2975 δόξας
598 2898 653 2962 ὑπὸ
678 2906 736 2962 τῶν
761 2899 958 2984 πραγμάτιον
983 2900 1082 2962 αὐτῶν
1104 2901 1153 2964 ἐπὶ
1175 2902 1230 2973 τὴν
1248 2901 1419 2979 βασιλείαν

228 3007 400 3069 καλεῖσθαι.
449 3003 547 3090 Saepe
570 3007 674 3069 utitur
698 3005 871 3090 Dionysius
895 3007 990 3070 verbo
1015 3004 1109 3069 δοκεῖν
1130 3028 1168 3070 ex
1192 3009 1419 3072 consuetudine

227 3111 384 3177 Herodoti
414 3131 469 3194 pro
502 3111 636 3188 οἴεσθαι,
670 3110 927 3195 ὑπολαμβάνειν,
961 3113 1122 3188 ἡγεῖσθαι,
1157 3112 1285 3192 νομίζειν
1310 3119 1420 3178 contra

228 3218 472 3282 Atheniensium
505 3218 629 3282 dicendi
652 3238 757 3281 usum.
810 3217 911 3293 Δόξας
935 3221 1036 3304 igitur
1060 3224 1108 3282 est
1131 3219 1312 3296 ὑπολαβών,
1338 3221 1420 3295 νομί-

228 3346 304 3405 σας,
335 3330 420 3386 ratas
449 3344 481 3387 se
514 3324 553 3387 ad
586 3344 721 3410 regnum
751 3325 868 3387 voeari.
917 3321 970 3388 Sia
1002 3329 1033 3388 et
1063 3345 1137 3410 pag.
1163 3323 1237 3388 656.
1270 3323 1418 3400 δόξατε

228 3423 277 3493 οὖν
297 3427 412 3500 πάντες
434 3430 586 3508 ἐπίτροπον
608 3431 888 3508 καταλελεῖφθαι,1
901 3430 935 3493 id
955 3435 1003 3494 est
1023 3430 1219 3509 ὑπολάβετε,
1240 3436 1272 3496 et
1291 3453 1418 3496 sexcen-

227 3538 287 3600 ties
312 3535 408 3620 alibi,
431 3536 533 3601 veluti
557 3557 631 3622 pag.
659 3534 740 3613 736,
767 3535 850 3612 739,
876 3533 959 3614 775,
986 3534 1051 3603 776
1077 3543 1171 3601 eaett.

272 3747 350 3835 Peg.
386 3745 461 3811 642.
493 3743 569 3811 άλλ’
603 3744 668 3809 οὐδὲ
692 3745 899 3811 άστάσασάαί
922 3772 991 3812 τινα
1017 3749 1099 3824 ἡμῶν
1124 3756 1240 3812 ΟΤΔΕ
1265 3771 1418 3827 προσαγο-

227 3857 331 3934 ρεῦσαι
363 3855 432 3924 τοὺς
465 3852 617 3930 ἐσχάτους
651 3853 839 3930 άστασμοὺς
872 3854 1013 3929 δυνηθείς.
1061 3854 1252 3919 Rectissime
1276 3852 1416 3920 Urbinas

228 3961 279 4024 aui
308 3962 375 4045 (pro
399 3957 479 4037 οὐδὲ)
504 3964 759 4037 προσαγορεῦσαι.
795 3961 1037 4046 Componuntur
1061 3963 1147 4025 enirn
1171 3982 1233 4026 non
1257 3982 1421 4047 opponun.

227 4073 281 4134 tur
305 4065 470 4141 άσσασμοί
492 4069 524 4155 et
573 4067 803 4144 ροσανορεύσενς
826 4089 889 4132 non
911 4089 974 4132 uno
997 4068 1066 4133 loeo
1092 4067 1179 4152 alibi.
1202 4082 1204 4085 ·

272 4277 352 4362 Pag.
378 4271 454 4339 643.
480 4275 531 4339 καὶ
555 4276 621 4352 μεθ’
645 4273 745 4341 ὄτλον
767 4277 871 4349 αὐτοῖς
894 4277 986 4354 ὁμόσε
1007 4282 1182 4357 χωροῦντας
1205 4277 1257 4341 ἐάν
1279 4275 1340 4359 ἄρα
1362 4285 1416 4350 καὶ

227 4383 377 4451 τούτων
401 4380 461 4470 δέῃ.
508 4383 697 4471 [regendum
721 4383 841 4450 τούτου.
868 4390 906 4449 ut
929 4387 963 4448 in
986 4386 1077 4448 Plato
1099 4405 1144 4450 ve.
1173 4382 1250 4450 248.
