3076 5004
687 348 751 416 113

113 541 154 612 in
177 542 328 611 omuibus
350 538 443 607 libris
466 536 616 620 οίρσοιντες
641 538 696 604 sed
718 537 769 602 τδν
793 535 903 612 ίππον,
929 560 992 605 non
1015 543 1074 604 τῶν
1093 537 1204 605 ίππιιν.
1238 538 1311 605 Non

114 649 272 719 videntur
295 648 380 714 dooti
404 648 548 713 homines
571 646 610 710 do
633 646 728 711 verbo
752 644 830 723 οίρδω
854 647 1019 732 cogitasse.
1055 644 1164 710 Unum
1184 651 1310 711 tantum

116 762 238 823 testem
267 754 439 842 producam
469 751 671 819 Herodotum
701 749 747 828 V,
781 749 833 816 12.
859 752 876 825 ιί
904 752 935 816 δὲ
959 751 1084 817 ἐπείτε
1107 751 1237 817 ἀπίκετο
1261 749 1311 816 ἐπὶ

116 861 171 928 τδν
195 861 336 938 ποποιμδν
356 856 447 941 ἦρσε
470 858 522 924 τὸν
544 855 654 944 ίππον,
678 855 828 938 ἄρτοισοι
852 856 884 923 δὲ
898 861 1006 933 -τίρν
1027 859 1123 931 αὐτὴν
1147 857 1211 923 ίδὸν
1232 880 1310 937 ποορ·

117 968 214 1045 εξνίῖε.
271 966 378 1056 Vulgo
416 965 554 1032 traditur
584 962 684 1045 ἄρδειν
714 967 749 1029 in
771 963 830 1030 tali
856 984 890 1029 re
913 985 979 1030 esse
1002 963 1145 1044 ποτίζειν.
1188 964 1311 1042 ”Aptae

118 1094 298 1161 numquam
330 1071 490 1162 siguificat
514 1078 617 1156 ροίιιιιι
647 1072 805 1155 praebere,
830 1069 883 1135 sed
907 1093 984 1156 aqua
1011 1070 1111 1151 rigare
1134 1075 1190 1135 aut
1212 1072 1312 1157 affara

119 1204 200 1267 aquo
221 1181 334 1245 lavore.
383 1177 486 1244 Diana
509 1177 627 1243 dicitur
650 1180 683 1241 in
706 1175 839 1264 Hymno
861 1174 1033 1242 Homerico
1051 1172 1162 1247 ίππουε
1186 1175 1311 1256 οίρσιισοι

119 1287 331 1366 πολυσχοίνοιο
354 1283 510 1359 Μίλητος.
556 1283 604 1349 De
624 1291 698 1368 potu
722 1283 836 1368 aeoipit
861 1281 1004 1347 Dindorf.
1024 1281 1064 1347 ad
1082 1281 1191 1368 Steph.
1216 1281 1310 1348 Thea.

118 1392 259 1461 Minime
279 1414 357 1479 opua
379 1398 426 1458 eat
444 1397 476 1456 et
491 1388 581 1455 nullo
601 1389 664 1456 alio
680 1388 750 1455 loeo
770 1388 804 1453 id
823 1387 1033 1454 demonstrari
1053 1394 1166 1475 potest.
1186 1387 1311 1470 οίρσοοσοι

118 1499 265 1577 Μέλητος
289 1499 406 1564 dieitur
429 1502 467 1563 ut

393 1602 498 1675 είιιίοδς
521 1600 664 1667 λούεσθαι
689 1602 815 1684 ἐϋρρεῖος
840 1608 1009 1686 ποτοοροοίο,

118 1717 151 1779 et
176 1712 260 1798 quod
291 1709 377 1797 apud
405 1708 606 1796 Heoyohium
636 1714 684 1773 est
710 1703 878 1787 Ἧρσνινε
908 1708 1054 1772 ἐπότισεν
1075 1706 1210 1796 figurate
1233 1711 1312 1775 aoei-

117 1819 272 1904 pieudum
295 1818 391 1883 utin
414 1816 553 1892 ποτιιμδο
578 1812 662 1895 ἄρδει
685 1816 720 1881 τὸ
745 1815 864 1900 πεδίον,
885 1836 947 1881 nou
969 1818 1102 1900 proprie.

166 1923 274 1990 Habet
297 1924 356 1989 hoo
379 1922 477 2002 οίρδειν
502 1942 576 1986 oum
599 1920 758 2007 plerisque
778 1920 849 1987 aliis
871 1922 975 1987 verbio
993 1920 1122 1987 Graecis
1142 1942 1311 1989 commune

28 2050 32 2057 ·
118 2036 158 2095 ut
181 2029 341 2119 significet
363 2049 486 2115 semper
509 2048 611 2092 unum
632 2034 664 2091 ot
687 2027 784 2092 idem.
820 2027 924 2093 Notus
944 2036 992 2093 eet
1011 2027 1204 2095 salsissimus
1223 2032 1311 2097 iooua

117 2140 154 2203 in
177 2135 384 2203 hortulanum
407 2136 446 2202 de
469 2136 562 2200 rebus
586 2155 663 2220 quas
686 2134 846 2199 nesciebat
867 2137 1075 2222 garrientem:

366 2241 499 2322 Ἀρδοι
524 2264 570 2314 τις
592 2238 627 2314 ἣν
649 2238 759 2311 luxere
782 2240 873 2313 είδείνρ
896 2239 1021 2322 τέχνην.

166 2349 333 2415 Praeterea
355 2350 394 2420 ὥς
417 2349 452 2412 ἔνι
474 2345 585 2427 aalma
611 2342 752 2420 ίίκοντεο
774 2366 888 2413 verum
911 2352 958 2411 est
981 2366 1038 2432 pro
1062 2346 1232 2419 ίνίντΩΝ.

168 2454 259 2537 Quod
290 2454 369 2521 dicit
398 2454 448 2520 διίο
480 2453 628 2519 νεονίσκοι
650 2490 691 2501 -
712 2452 876 2529 ροιίκιςοι
909 2452 962 2516 κοί
993 2455 1134 2522 κοίλλιςοι
1158 2454 1243 2520 male
1267 2476 1313 2521 re-

119 2564 210 2630 ooxit
230 2560 441 2628 Homericum
472 2561 620 2638 μίκιςοο,
652 2559 734 2644 quod
759 2578 996 2643 nonnumquam
1018 2579 1075 2643 pro
1099 2557 1312 2638 μακρότατος,

116 2668 283 2735 interdum
307 2689 363 2755 pro
386 2668 515 2747 μέριςοε
539 2686 691 2753 usurpare
722 2664 820 2744 eolat,
852 2669 890 2729 ut
912 2664 944 2728 h.
957 2662 979 2728 l.
1004 2685 1078 2752 pag.
1100 2663 1153 2730 54.
1179 2665 1228 2730 ίπί
1253 2666 1313 2745 μνί-

120 2798 205 2845 κιςον
227 2774 377 2856 εὐτυχίας
400 2774 533 2851 ἤλοισοιν.

167 2983 248 3075 Pag.
275 2982 373 3051 1067.
399 2990 519 3050 πολλῶν
543 2985 677 3049 οιύτΟΙΟ
701 2981 889 3066 περιτοίιτοιν
908 2981 959 3047 κοί
982 2980 1012 3048 εί
1029 3005 1059 3047 τι
1078 2981 1217 3065 φέρουσιν
1238 2984 1310 3074 [ἔτι]

120 3094 222 3159 κοινὸν
244 3092 308 3159 ἀπὸ
334 3090 521 3174 ςροοτοπίδον
544 3090 654 3169 μοιίείν
678 3089 849 3168 ἀξιούντων.
897 3089 934 3154 lu
960 3099 1026 3153 ΛΒ.
1052 3094 1116 3155 est:
1141 3090 1193 3155 ιιοοδ
1218 3093 1313 3158 ’enl-

119 3197 262 3281 Φίρουσιι
282 3198 339 3265 είτι
359 3198 459 3264 κοιινίν
470 3246 479 3277 ,
500 3200 534 3262 iu
554 3218 616 3284 quo
635 3197 732 3263 latet:
758 3197 810 3262 κοιδ
835 3205 920 3261 ΕΙΤΙ
940 3193 1065 3276 φέρουσι
1087 3197 1206 3283 ιιοιινίν,
1228 3200 1313 3284 quod

89 3386 95 3393 ⁸
120 3326 222 3391 quum
244 3308 279 3371 in
305 3305 498 3387 europam
524 3305 733 3390 depravatum
757 3309 839 3369 esset
862 3323 937 3370 vera
959 3301 1054 3367 lertio
1077 3301 1107 3368 εί
1124 3327 1153 3370 τι
1175 3307 1209 3372 in
1229 3327 1314 3372 mar·

120 3416 196 3502 gine
222 3414 380 3499 adscripta
401 3416 436 3479 in
460 3416 586 3479 textum
611 3411 713 3479 alieno
735 3411 805 3478 looo
828 3433 861 3477 se
885 3414 1069 3477 insinuavit.

167 3520 334 3586 Praeterea
356 3520 456 3586 scribe
480 3524 601 3585 πολλῶν
625 3519 772 3584 οιῦτΟΤΟ
796 3517 993 3603 περιςοίιτιιν.

167 3729 239 3796 Non
268 3727 403 3796 debebat
431 3726 545 3793 Editor
573 3748 647 3816 pag.
669 3725 768 3792 1068.
799 3731 953 3813 punctum
984 3730 1136 3813 temporie
1168 3730 1312 3800 dubitare

123 3837 200 3921 quin
222 3837 390 3904 vemssima
418 3838 500 3900 esset
530 3854 587 3899 oua
610 3834 807 3900 emendatio:
836 3832 954 3911 θυσίοιι,
987 3825 1025 3907 ἃς
1040 3833 1108 3898 -δ
1131 3835 1223 3914 δῆμος
1248 3839 1313 3903 ε’πι·

124 3950 211 4008 τελεῖ
231 3943 281 4007 διὰ
313 3947 371 4007 τῶν
401 3939 538 4019 μενίςιον
572 3938 702 4005 ‘repleo
731 3960 788 4026 pro
812 3940 946 4006 absurdo
970 3940 1095 4005 ἱππίων.
1143 3941 1312 4013 Pontifices

123 4047 323 4135 appellantur
353 4048 378 4112 οί
406 4045 529 4126 μέριςοι
560 4048 666 4125 ίερείςτ
701 4049 756 4131 qui
785 4048 850 4111 sint
878 4044 902 4110 οἱ
932 4044 1056 4125 μίγιςοι
1087 4048 1193 4120 ἱππεῖς
1216 4071 1311 4117 nemo

122 4154 213 4221 sarilo
236 4155 370 4241 reperiet
390 4174 491 4239 neque
515 4154 613 4219 etiam
633 4152 710 4238 quid
727 4155 770 4219 eit
789 4153 951 4238 equitibus
970 4173 1044 4218 oum
1063 4156 1159 4220 sooria
1178 4159 1308 4244 negotii.

168 4365 246 4454 Pog.
274 4361 373 4432 1073.
414 4359 544 4430 ι’ίποιντοο
576 4362 831 4442 κοιτοισιιίψοντοιι
859 4362 912 4428 nol
945 4362 1110 4436 δηλώσουσι
1130 4400 1174 4415 ·-·
1193 4365 1246 4432 ιιοιδ
1278 4364 1315 4434 εί

125 4495 161 4538 τι
183 4470 269 4537 κοιτοδ
294 4475 359 4536 νοῦν
387 4468 493 4556 ἔχουσι
524 4469 683 4553 προίττειν.
729 4469 896 4556 Expuuoto
927 4470 953 4535 εί
975 4470 1162 4559 legendum:
1196 4473 1248 4539 κοιί
1273 4475 1314 4542 τί

173 4591 240 4629 mou.
260 4591 319 4627 nau.
1152 4576 1167 4626 8
