3076 5004
728 270 770 342 75

248 530 251 536 ,
402 464 550 528 πέλοντ’
574 463 695 525 οίναλῶν
721 463 795 535 ἡνίκ’
822 462 859 529 dv
885 463 993 529 τούτου
1019 462 1077 545 tio.

145 576 180 637 et
204 572 320 655 ubique
344 590 444 655 quum
467 570 505 634 de
529 593 590 632 ιιιιιι
614 574 699 634 certa
722 591 755 635 re
779 592 883 636 sermo
907 578 964 636 est.

200 781 280 867 Pag.
312 777 388 844 644.
421 779 563 856 λέγωμεν
592 781 867 854 ’ΛΠΟτεθννκέναι
892 784 1066 861 Ταρκύνιον.
1117 781 1237 846 Vitiosa
1260 779 1344 845 dixit

152 907 212 973 pro
244 887 432 962 τεθνηκέναι,
463 893 501 949 ut
522 891 700 950 constanter
723 886 852 951 Veteres
876 907 984 952 omnes
1008 888 1172 964 dicebant,
1196 885 1345 971 quemad-

152 994 289 1058 modum
314 998 345 1057 et
369 994 514 1064 crisantis
540 992 689 1076 (τεθνεώς)
715 998 747 1056 et
771 994 910 1068 τεθνήξω.
958 993 1131 1058 Homerica
1154 996 1245 1058 sunt:

518 1097 592 1173 βόες
616 1098 641 1162 δ’
666 1100 881 1163 ἀποτέθνασαν
906 1100 970 1174 ἤδη.

153 1210 189 1270 et
218 1207 339 1289 passim
372 1205 561 1274 οὶποτεθννως
595 1203 831 1287 (exterreat).
878 1207 1127 1290 Nonnumquam
1151 1204 1345 1268 Plutarchus

152 1317 188 1376 et
221 1313 275 1375 aiii
311 1312 441 1394 quidam
476 1314 635 1395 aequiores
670 1311 863 1384 οίποτέθννκα
899 1314 1062 1395 dicebant,
1099 1312 1153 1376 sed
1192 1309 1343 1374 Veterum

151 1436 247 1482 nemo
270 1419 317 1481 ita
340 1417 491 1502 loquitur.

201 1610 290 1717 Peg(
308 1627 384 1693 644.
418 1629 528 1709 ταφὰς
553 1629 649 1692 αὐτοῦ
673 1636 805 1706 ποιῶμεν
829 1632 927 1695 'Auo
952 1636 1005 1694 τοῦ
1030 1637 1173 1712 Φανεροῦ.
1221 1630 1345 1714 Saepis-

153 1737 236 1800 sime
270 1735 353 1820 apud
388 1733 580 1820 Dionysium
615 1735 678 1798 οίπθ
712 1741 744 1799 et
775 1737 809 1798 ἐκ
839 1735 948 1800 locum
979 1740 1063 1802 inter
1092 1759 1124 1803 se
1147 1742 1345 1823 permutasse

154 1842 312 1907 videmus.
363 1842 420 1904 Ἐκ
454 1845 506 1904 τοῖν
539 1846 690 1920 Φανεροῦ,
725 1843 760 1905 ἐκ
785 1845 984 1921 τούμφανοῦς
1009 1841 1167 1909 Graecum
1193 1848 1256 1918 est,
1282 1863 1345 1907 non

157 1946 229 2010 απθ.
279 1947 455 2012 Subiioiam
491 1946 575 2012 locos
611 1948 732 2032 aliquot
761 1949 819 2012 ubi
849 1971 885 2013 ea
916 1949 1057 2015 confusio
1088 1956 1136 2014 est
1165 1949 1344 2014 manifesta.

156 2075 231 2140 pag.
267 2053 364 2118 1009.
398 2055 452 2118 ἐὰν
483 2055 601 2124 ἑκόντες
636 2053 736 2119 'Auo
768 2062 823 2128 τῆς
854 2056 970 2126 πόλεως
1007 2057 1235 2136 ἀποφθαρῶσιν.
1270 2075 1344 2141 pag.

160 2160 256 2224 1141.
290 2161 445 2227 απόςασιν
481 2159 545 2223 ἘΚ
579 2166 636 2222 τῶν
670 2161 847 2238 πατρικίων.
881 2182 954 2247 pag.
986 2161 1083 2228 1174.
1105 2164 1204 2228 'Auo
1230 2163 1345 2231 παντὸς

159 2266 279 2346 τρόπον.
327 2265 405 2345 Quis
435 2285 498 2329 non
529 2266 617 2329 ridet
641 2266 675 2328 ἐκ
700 2274 754 2339 τῆς
779 2264 894 2337 πόλεως
919 2288 1032 2332 verum
1054 2290 1121 2333 esse
1145 2276 1177 2334 et
1201 2267 1263 2332 οἱπθ
1286 2272 1345 2331 τῶν

160 2374 326 2453 πατρικίων
359 2382 391 2437 et
423 2373 456 2434 ἐκ
486 2373 601 2441 παντὸς
634 2369 764 2450 τρίπουί
810 2372 929 2437 Eodem
963 2375 1103 2438 remedio
1130 2374 1347 2461 compluribus

160 2479 232 2543 aliis
254 2478 332 2544 iocis
354 2479 517 2542 utendum.

206 2690 286 2777 Peg.
323 2688 399 2754 645.
432 2694 578 2769 προῆλθεν
609 2691 652 2761 είς
683 2691 862 2770 τούμφανὲς
888 2700 958 2762 ταῖς
981 2693 1091 2771 θυρίσιν
1115 2691 1253 2758 έποεοῖσα
1276 2699 1347 2764 ταῖς

161 2797 344 2867 ΦΘΡούσαις
381 2797 422 2868 είς
454 2797 504 2859 τὸν
537 2798 591 2876 πρὸ
623 2805 681 2860 τῶν
714 2799 801 2876 θυρῶν
834 2796 976 2866 ςενωπίν.
1024 2797 1069 2862 Ut
1099 2798 1150 2861 νυά
1172 2800 1347 2863 rectissime

161 2903 278 2968 dicitur
300 2901 407 2986 aliquo
432 2902 551 2981 φέρειν,
576 2905 621 2967 sio
645 2906 750 2988 inepte
773 2905 860 2970 idem
884 2907 1011 2989 ponitur
1035 2905 1074 2968 de
1088 2908 1239 2987 finectro,
1268 2925 1348 2988 quae

158 3009 271 3073 Latine
288 3009 459 3091 prospicere
482 3009 588 3092 aliquo
611 3009 729 3073 dicitur
752 3016 784 3073 et
807 3007 927 3075 Graece
951 3010 1090 3087 βλέπειν.
1138 3009 1248 3094 ltaque
1274 3019 1344 3080 ταῖς

162 3116 378 3186 ΒΛΕΠούοαις
413 3117 454 3185 είς
487 3115 537 3177 τὸν
563 3114 693 3182 ςενωπόν
719 3117 962 3180 emendandum.
1010 3115 1107 3181 Recte
1131 3114 1251 3203 legitur
1274 3136 1347 3202 pag.

162 3220 237 3288 787.
270 3221 303 3283 τὸ
332 3223 403 3298 πρὸς
429 3222 488 3292 τοὶς
513 3221 674 3292 οίτατολοὶς
698 3221 828 3298 βλέπον.
851 3243 925 3307 pag.
952 3219 1026 3287 789.
1052 3228 1104 3284 τοῦ
1131 3225 1202 3299 πρὸς
1227 3246 1348 3297 μεσαμ-

162 3329 252 3408 βρίαν
283 3328 471 3404 βλέποντος.
506 3327 560 3392 sed
583 3328 732 3392 mendose
754 3348 828 3415 pag.
856 3327 931 3394 772.
956 3330 998 3391 τοὶ
1024 3330 1095 3407 πρὸς
1120 3329 1189 3401 τοὺς
1214 3329 1349 3407 Γαβίους

163 3435 339 3518 φέροντα
364 3440 416 3498 τοῦ
441 3434 604 3515 περιβόλου
629 3454 685 3519 pro
708 3432 879 3509 βλέποντα.

208 3644 288 3732 Pag.
324 3643 399 3709 646.
430 3649 608 3708 τελευτῶσα
640 3639 724 3708 εἶπεν
760 3643 809 3730 (ὡς
844 3643 967 3708 addidit
989 3642 1112 3734 Editor)
1139 3642 1220 3706 οὐδέν
1244 3644 1349 3718 αὐτοῖς

165 3753 200 3815 ἐκ
224 3758 280 3816 τῶν
303 3753 428 3816 ανοσίων
453 3750 728 3827 ἐπιβουλευμάτων
752 3750 905 3827 γέγονΕΝ
931 3752 962 3813 οὐ
987 3751 1150 3822 δυνηθεῖσιν
1170 3750 1351 3816 ἀποκτεῖναι

164 3859 341 3936 Ταρκύνιον.
389 3857 524 3922 Remoto
555 3860 593 3926 ὡς
625 3857 826 3921 scribendum
858 3853 941 3919 εἶπεν
975 3856 1057 3919 οὐδὲν
1085 3857 1352 3935 αὐτοῖς’-νενο-

166 3964 256 4029 νένΑΙ
286 3964 414 4048 (πλέον).
463 3964 577 4028 Deesse
602 3964 693 4027 πλέον
717 3962 833 4028 Reiske
858 3965 955 4027 sensit
978 3963 1032 4026 sed
1055 3964 1163 4027 minus
1187 3963 1353 4028 commode

165 4075 236 4156 post
259 4071 339 4136 οὐδέν
363 4072 459 4135 inseri
482 4069 595 4134 voluit.

164 4287 166 4292 ’
211 4279 291 4370 Pag.
327 4279 401 4346 648,
439 4281 471 4346 οὐ
507 4280 620 4346 πλείων
654 4286 712 4344 τῶν
742 4278 832 4343 πέντε
865 4279 917 4343 καὶ
951 4278 1044 4343 εἴκοσι
1077 4280 1210 4357 γεγονὼς
1237 4280 1351 4345 ε’πΩΝ.

165 4388 289 4455 Natura
318 4393 365 4455 rei
396 4395 428 4455 et
458 4390 695 4473 compositionis
725 4389 806 4452 ratio
830 4384 893 4453 ἕτΗ
915 4385 1087 4472 postulant.
1137 4383 1295 4461 Similiter
1318 4389 1353 4461 in
