3076 5004
706 301 748 370 33

130 494 335 574 ἐκπληροῦσαι
375 492 462 571 μετά
503 493 558 568 τὴν
591 494 704 573 τροπὴν
738 492 848 559 εἴκοσιν
888 496 1009 575 ἡμέραι.
1075 495 1179 575 Quam
1219 489 1320 579 lepidi

129 608 204 669 sunt
234 606 357 669 veteres
388 605 570 685 temporum
596 621 756 666 mensores
780 603 835 685 qui
858 602 935 668 haec
957 603 1049 668 nobis
1071 622 1190 690 magna
1212 603 1320 688 gravi-

129 713 195 775 tate
222 728 279 794 pro
301 708 386 772 veris
408 711 546 770 narrant.
594 706 638 771 Et
660 707 737 771 haec
760 707 890 792 quidem
914 705 1035 774 Graeca
1057 707 1166 775 fabula
1188 713 1254 790 est,
1279 706 1318 770 de

127 835 192 901 qua
219 814 308 881 locus
338 816 387 878 cst
416 814 554 877 eximius
585 810 791 878 Callisthenis
823 833 842 877 a
865 810 1049 881 casaubono
1072 814 1221 880 laudatus
1244 819 1276 876 et
1299 831 1319 875 a

127 942 183 986 mo
214 920 320 987 editus
349 921 384 984 in
414 919 645 1004 antiquissimis
677 917 815 984 Scholiis
846 918 885 984 ad
908 919 1070 1005 Euripidis
1093 920 1244 984 Hecubam
1268 938 1316 983 vs.

128 1025 209 1092 892.
258 1024 465 1097 Καλλισθένης
491 1025 520 1087 έν
545 1022 670 1105 δευτέρῳ
694 1030 752 1089 τῶν
775 1027 960 1100 Ἑλληνικῶν
981 1023 1056 1092 οὕτω
1077 1027 1195 1105 γράφει
1233 1023 1315 1089 ἑάλω

127 1132 186 1210 μὲν
228 1135 244 1208 ἡ
291 1132 388 1213 Τροόα
424 1137 639 1210 Θαργηλιῶνος
673 1131 873 1209 μηνός-ὡς
910 1131 923 1195 ό
957 1132 1012 1206 rto
1046 1132 1158 1209 μικράν
1194 1131 1317 1196 Ἰλιάδα

129 1239 290 1327 (ποιὴσαι)
322 1237 412 1319 όγδόη
436 1238 601 1319 Φόίνοντος.
626 1236 741 1318 διορίζει
767 1238 830 1318 γάρ
851 1238 943 1311 αὐτός
968 1239 1023 1311 τὴν
1046 1235 1162 1304 άλιοσιν
1185 1239 1316 1319 φάσκον

127 1345 288 1424 συμβῆναι
313 1342 385 1409 τότε
407 1346 461 1418 τὴν
486 1341 667 1422 κατάληψιν
692 1344 779 1419 ἡνίκα

265 1448 335 1526 Νὺξ
358 1450 415 1527 μὲν
438 1450 488 1524 έην
511 1448 610 1524 μέσση
635 1453 765 1530 λαμπρὴ
790 1452 816 1515 δ’
840 1449 991 1516 ἐπέτελλε
1014 1453 1137 1526 σελὴνη.

128 1557 326 1636 μεσονύκτιος
362 1555 394 1620 δὲ
429 1554 517 1633 μόνον
553 1565 590 1638 τῇ
627 1554 718 1636 όγδόη
752 1557 905 1637 Φόόνοντος
942 1559 1121 1622 άνοιτέλλει.
1178 1560 1318 1648 Egregie

126 1667 356 1731 astronomicae
387 1665 523 1729 rationes
545 1667 687 1728 ueterem
710 1662 852 1727 fabulam
875 1663 1056 1748 illustrant,
1080 1670 1201 1732 utnon
1224 1666 1318 1731 facile

126 1775 170 1836 sit
202 1771 356 1836 dubitare.
403 1769 514 1854 Itaque
544 1767 718 1856 Dionysius
749 1768 826 1834 haec
857 1773 924 1833 tam
956 1768 1047 1835 firma
1076 1793 1143 1837 esse
1169 1775 1318 1858 opinatur

125 1897 165 1943 ac
195 1878 224 1941 si
252 1897 286 1941 se
308 1877 385 1941 vivo
408 1875 604 1940 accidissent.
652 1874 748 1939 Peius
772 1877 870 1939 etiam
895 1881 927 1940 et
947 1877 1164 1962 impudentius
1188 1881 1223 1943 in
1245 1878 1317 1944 tali-

124 1984 188 2049 bus
211 1981 349 2046 Romani
371 1981 546 2054 Annalium
569 1984 737 2067 scriptores
760 1982 1012 2060 mentiebantur,
1037 1986 1093 2068 qni
1116 1983 1240 2050 fabulas
1263 2006 1318 2050 ve·

127 2093 233 2154 tustas
264 2093 332 2153 tam
365 2085 555 2153 confidenter
584 2086 623 2151 ad
646 2107 801 2152 annorum
824 2091 960 2153 rationes
982 2090 1264 2156 accommodabant
1283 2113 1319 2157 ao

125 2199 157 2262 si
180 2198 300 2260 certam
324 2194 401 2258 haec
425 2196 533 2258 omnia
555 2198 588 2257 et
612 2192 809 2279 exploratam
833 2191 929 2258 fidem
952 2194 1121 2279 baberent,
1145 2198 1178 2260 in
1201 2217 1263 2281 qua
1285 2219 1320 2263 re

125 2303 230 2368 bonus
261 2299 434 2386 Dionysius
463 2298 512 2364 nil
541 2298 621 2364 mali
651 2302 829 2384 suspicatus
852 2319 962 2366 eorum
986 2305 1208 2367 auctoritatem
1232 2323 1319 2369 secu·

125 2427 183 2472 rus
206 2410 357 2490 sequitur.

174 2512 214 2577 In
236 2513 342 2578 verbis
364 2510 511 2598 Dionysii
533 2516 617 2576 recte
640 2510 778 2577 Urbinas
802 2511 911 2574 ἐκεῖνον
936 2514 1069 2577 omittit.
1117 2510 1211 2578 Cadit
1231 2516 1318 2579 enim

123 2619 218 2684 idem
244 2621 558 2702 inunumquemque
582 2637 712 2681 annum.
758 2616 980 2683 Memorabilis
1003 2618 1091 2684 locus
1114 2621 1159 2684 sic
1182 2622 1319 2705 scriptus

125 2730 218 2792 erat:
252 2724 394 2805 περιτταὶ
427 2723 458 2788 δὲ
491 2717 567 2796 ἦσαν
599 2724 632 2787 αι’
665 2724 715 2789 τόν
747 2724 883 2789 ἐνιαυτόν
915 2725 1120 2806 ἐκπληροῦσαι
1154 2725 1239 2803 μετά
1263 2728 1318 2800 τὴν

126 2832 243 2912 τροπὴν
266 2831 334 2912 (τὴν
357 2829 479 2911 όερινὴν)
506 2828 616 2895 εἴκοσιν
639 2830 759 2910 ἡμέραι.

175 3102 255 3191 Pag.
284 3099 359 3166 160.
383 3085 571 3174 τάςτόλεις
598 3099 840 3181 ΟΤΝοικόζοντες
864 3111 925 3173 τοῖς
950 3101 1095 3179 Ἐλύμοις
1120 3104 1150 3167 έν
1175 3104 1317 3188 Σικελία.

126 3208 193 3275 Hic
222 3208 311 3273 locus
341 3205 479 3273 declarat
512 3227 586 3295 pag.
621 3204 694 3270 133.
727 3227 784 3291 pro
819 3208 870 3272 ael
907 3207 1178 3290 κατασκευάζεται
1210 3213 1316 3284 αὐτοῖς

129 3314 235 3388 πόλεις
269 3311 409 3391 Αἵγεςαν
440 3312 492 3377 καὶ
521 3316 670 3392 Ἔλυμα,
703 3314 926 3402 corrigendum
956 3336 1022 3381 esse
1055 3315 1107 3379 uei
1139 3327 1317 3383 ΟΤΓκατοι-

130 3419 326 3503 σκευάζεται.

176 3677 256 3765 Peg.
283 3674 360 3744 161.
386 3675 539 3753 λαβόντες
564 3675 703 3754 ἡγεμόνα
718 3713 757 3724 -
772 3681 828 3748 τῆς
853 3677 989 3741 Λατίνου
1013 3678 1156 3757 γυναικὸς
1177 3683 1319 3759 'narrar

131 3784 255 3863 άνεψιὸν
286 3781 380 3862 όνομα
413 3781 571 3861 Τυρρηνόν.
621 3781 674 3847 Sic
709 3782 815 3846 editur
848 3803 887 3848 ex
921 3783 1092 3861 Urbinate,
1128 3791 1218 3871 quasi
1252 3790 1321 3856 ulla

131 3910 197 3956 esse
227 3892 328 3975 possit
359 3889 517 3954 dubitatio
542 3889 618 3973 quin
643 3888 681 3953 de
704 3890 813 3954 Amata
836 3895 868 3953 et
892 3890 991 3954 Τιιοιιο
1015 3891 1093 3955 haec
1118 3892 1264 3960 dicautur
1287 3903 1320 3962 et

131 3999 198 4062 sine
227 4016 318 4061 mora
349 3993 499 4070 ’λμάτοιι
533 3999 565 4058 et
596 3994 708 4073 Τνρνόν
732 3997 775 4059 sit
797 3997 1028 4080 reponendum,
1053 4002 1090 4062 ut
1113 3997 1213 4086 vulgo
1236 4010 1319 4068 recte

129 4101 298 4189 legebatur
328 4102 391 4165 nisi
418 4100 501 4186 quod
525 4099 669 4177 ’Λμάτης
693 4101 843 4165 scribitur
866 4123 1039 4187 perperam.
1087 4104 1227 4169 Nomina
1251 4129 1320 4192 pro

129 4211 198 4293 pria
221 4207 395 4273 mulierum
420 4203 538 4272 habent
561 4206 660 4270 ferme
684 4208 791 4271 omnia
812 4232 834 4271 α
857 4207 991 4296 longum
1016 4210 1133 4281 Φίλας,
1165 4213 1319 4290 Διοτίμμς

131 4319 214 4396 cett„
252 4313 373 4379 Eadem
403 4318 451 4380 est
481 4315 562 4378 ratio
591 4314 625 4376 in
655 4315 839 4380 nominibus
868 4317 996 4381 urbium
1017 4317 1168 4396 Ἄλβας,
1194 4320 1320 4399 Λογγό·

130 4437 190 4492 λιιι
215 4424 248 4486 et
270 4421 343 4485 sim.

180 4537 250 4576 mort.
267 4537 328 4576 m
1159 4533 1175 4577 8
