3076 5004
723 236 765 332 ai

152 446 237 524 ούνιο
257 454 386 544 perinde
405 457 552 542 ineptum
573 459 622 522 est
642 476 678 522 aa
696 458 725 522 si
745 456 858 522 Latine
877 455 960 520 nihil
977 456 1111 519 nondum
1122 443 1221 522 vehes
1232 446 1344 524 dicere.

106 746 111 751 ¹
200 653 281 740 Peg.
307 650 360 718 13.
385 650 452 729 ἐξέν
475 675 526 730 μοι
550 658 609 717 τῶν
633 649 754 728 ἐνδόξων
777 651 848 718 τινίι
872 651 988 730 λαβεῖν
1015 650 1140 740 [αὐτῆς]
1168 652 1342 719 ὑποθέσεων.

151 758 311 847 Expunge
333 760 557 846 importunum
580 779 762 844 pronomen.

199 939 279 1026 Peg.
312 938 366 1005 14.
397 937 616 1006 Romanorum
644 958 766 1017 osores,
791 940 913 1025 inquit,
939 947 1121 1020 κατηγορεῖν
1145 939 1265 1007 είύύκσι
1289 951 1345 1018 τῆς

152 1044 256 1125 τύχης
287 1046 372 1111 κατίι
402 1046 438 1112 τὸ
470 1046 601 1129 Φανερὸν
632 1049 671 1118 ὥς
703 1043 871 1126 βαρβάρων
895 1054 958 1118 τοῖς
984 1044 1198 1127 πονηροτάτοις
1220 1049 1263 1113 rt
1286 1055 1345 1114 τῶν

155 1154 313 1228 Ἑλλήνων
342 1152 536 1235 ποριζομένης
561 1151 683 1232 ιἰγαθοί.
698 1189 739 1200 -
754 1152 805 1217 καὶ
838 1159 896 1218 τῶν
923 1152 1133 1233 συγγραφέων
1156 1155 1233 1226 τινὲς
1258 1154 1347 1221 ἐσύλ-

153 1282 261 1338 μησαν
292 1261 323 1324 έν
352 1267 423 1332 ταῖς
456 1261 581 1341 ίςορίαις
614 1263 719 1323 ταῦτα
750 1258 932 1340 γράψαντες
965 1269 1154 1325 καταλιπεῖν
1177 1262 1345 1340 βασιλεῦσι

154 1364 323 1446 βαρβάρων
355 1370 479 1445 μισοῦσι
511 1367 565 1440 την
589 1366 774 1444 ἡγεμονίαν,
800 1359 841 1439 οίς
868 1365 1058 1436 δουλεύοντες
1083 1365 1169 1431 αὐτοὶ
1195 1368 1247 1432 καί
1275 1368 1345 1455 [τοὶ]

155 1474 226 1537 καθ’
246 1473 353 1547 ἡδονὰς
372 1475 550 1551 ὁμιλοῦντες
571 1471 765 1549 διετέλεσαν,
785 1472 856 1537 οὔτε
875 1473 996 1546 δικαίας
1010 1472 1075 1537 οὔτ’
1088 1472 1346 1556 οὶληθείςίςορίας

154 1578 363 1661 χαριζόμενοι.
409 1578 588 1645 Delendum
624 1584 671 1644 est
706 1579 759 1644 τοί.
806 1577 935 1644 Veteres
971 1579 1117 1644 dicebant
1152 1582 1224 1662 πρὸς
1255 1581 1349 1665 χύριν

156 1685 292 1770 ὁμιλεῖν,
316 1687 475 1770 aequiores
499 1687 567 1749 καθ’
591 1683 709 1761 ἡδονοίς.

202 1787 372 1856 Caeterum
391 1793 490 1857 miror
509 1813 570 1878 quo
590 1797 683 1878 pacto
703 1790 898 1880 Sylhurgius
918 1792 956 1856 de
972 1790 1168 1856 Hmeorruo
1181 1790 1348 1862 Onnnmso

156 1901 189 1961 11
212 1894 339 1963 annno
363 1899 503 1985 cogitare
525 1901 682 1984 potuerit,
709 1901 798 1984 quasi
821 1902 855 1963 in
880 1898 997 1985 Pyrrhi
1016 1901 1102 1986 regie
1121 1903 1261 1986 gratiam
1285 1901 1347 1968 Ro·

155 2004 261 2068 manis
294 2002 544 2070 maledixissent.
592 2005 703 2089 Neque
733 2008 820 2069 enim
844 2005 988 2093 Pyrrhus
1012 2004 1164 2082 βασιλεὺς
1188 2007 1349 2088 βάρβαρος

157 2105 222 2172 dici
244 2111 350 2193 potuit
372 2131 474 2195 neque
498 2109 549 2175 illi
571 2110 717 2175 historici
741 2110 893 2176 ἐδούλευον
918 2111 969 2175 καὶ
995 2111 1067 2190 πρὸς
1090 2111 1183 2191 χοίριν
1207 2113 1349 2191 ύμίλονν.

156 2210 232 2279 Sine
263 2218 474 2283 controversia
504 2217 686 2281 Parthorum
715 2241 796 2300 repes
818 2217 1022 2305 intelligendi
1046 2223 1138 2303 sunt,
1162 2222 1278 2303 quihus
1301 2243 1350 2287 ro·

158 2319 259 2386 dendo
282 2318 443 2388 &manos
467 2328 540 2411 grat
526 2321 689 2389 tificabant
676 2330 729 2388 tur
751 2323 917 2400 historici,
943 2344 1076 2409 quorum
1100 2329 1131 2389 et
1152 2324 1349 2393 adulationes

158 2431 190 2491 et
212 2430 342 2494 nomina
364 2451 404 2496 ve
405 2435 508 2495 ttusas
459 2430 649 2496 tasobruit.

202 2525 389 2602 Revoeanda
417 2541 465 2602 eat
495 2541 603 2602 autem
634 2535 707 2602 leet
684 2539 729 2601 tro
752 2536 909 2602 librorum
933 2535 1101 2614 βασιλεῦσι
1128 2535 1345 2619 βαρβοίροῐῦ,

158 2642 192 2705 in
216 2659 277 2727 qna
299 2644 383 2708 inest
406 2644 586 2709 contemtus
610 2640 812 2732 significatio.

203 2820 282 2911 Pag.
314 2821 367 2887 15.
400 2821 591 2899 τηλικαύτην
625 2821 793 2902 ἡγεμονίαν
825 2823 1149 2911 [κα1]τοσούτονη’δη
1173 2823 1290 2908 χρόνον.
1314 2829 1349 2893 in

157 2928 277 2995 talibus
308 2928 422 3016 copula
451 2950 514 2995 non
537 2930 667 2995 additur
688 2950 790 3015 neque
813 2927 933 2996 Graece
955 2952 1057 3016 neque
1080 2930 1210 2997 Latine:
1235 2940 1349 2997 1σν11υνκ

157 3035 312 3119 imperium
335 3042 452 3121 1ο1ροτ
478 3055 580 3102 σοινοο.

91 3236 106 3255 ’
203 3219 281 3312 Peg.
308 3218 363 3290 16.
388 3221 571 3301 οἱγνοούνται
593 3221 665 3304 τρδο
690 3221 856 3299 Ἑλλήνων.
894 3218 1068 3309 Dionysius
1090 3219 1245 3290 Herodoti
1263 3244 1350 3292 ama·

158 3337 209 3397 tor
232 3328 450 3416 compluscula
473 3329 580 3396 Ionica
603 3331 643 3396 ab
667 3351 704 3395 1ο
728 3335 836 3394 sumta
858 3331 892 3393 in
915 3349 1007 3393 suam
1031 3330 1206 3395 orationem
1232 3334 1351 3400 οὶττικί·

159 3437 220 3519 ζειν
249 3437 396 3502 δοκοῦσαν
425 3443 624 3522 praepostere
654 3439 784 3523 recepit.
833 3436 910 3516 Πρός
941 3456 998 3521 pro
1023 3434 1080 3499 ὑτί
1104 3441 1171 3501 erat
1193 3442 1295 3522 poitie
1318 3447 1351 3507 et

157 3543 287 3610 Ionibus
310 3542 572 3627 relinquendum,
598 3544 652 3609 sed
674 3542 732 3608 ille
758 3545 931 3609 sexcenties
953 3543 1000 3607 ita
1023 3541 1182 3626 loquitur:
1202 3565 1277 3633 pag.
1297 3545 1350 3614 19.

158 3649 230 3731 πρὸς
263 3652 322 3715 τῶν
353 3649 594 3727 ἐπιγιγνομένων
630 3651 831 3714 ε’τιαινεῑσέαι.
861 3669 935 3735 pag.
960 3647 1011 3712 21.
1038 3648 1110 3726 πρὸς
1135 3649 1237 3714 αὐτῶν
1260 3653 1350 3720 ε’ται·

158 3755 304 3833 νούμενοι.
337 3776 411 3844 pag.
442 3755 497 3821 25.
530 3757 698 3837 κατείχετο
731 3756 803 3836 πρὸς
832 3756 946 3835 ἑτέραν.
970 3776 1044 3842 pag.
1069 3755 1122 3821 26.
1149 3758 1222 3835 τρδς
1245 3759 1350 3840 ἑτέραν

164 3860 370 3938 ἐξελαθέντες.
403 3883 477 3950 pag.
504 3862 578 3928 132.
604 3865 649 3942 μη
672 3888 702 3928 τι
725 3862 798 3943 πρὸς
821 3864 921 3926 αὐτῶν
944 3861 1037 3942 τοίύη.
1060 3883 1134 3950 pag.
1163 3862 1236 3928 139.
1263 3865 1354 3944 ε’γνιί·

156 3972 212 4044 σ1η
245 3970 316 4051 apto
347 3970 464 4045 αὐτῶν,
496 3975 528 4034 11
560 3972 605 4035 sic
636 3992 693 4056 per
715 3991 825 4036 omnes
845 3968 943 4034 libros
962 3971 1101 4053 passim,
1121 3973 1160 4033 ut
1178 3991 1252 4058 pag.
1273 3971 1349 4041 405.

158 4075 315 4141 ύύττεται
339 4081 411 4157 πρὸς
435 4077 495 4140 τῶν
518 4075 686 4154 βασιλέων.
709 4097 782 4163 pag.
810 4073 885 4140 589.
907 4074 1018 4157 ¹dpeirar
1044 4073 1116 4154 πρὸς
1140 4080 1194 4141 τοῦ
1219 4079 1349 4161 ττοοτρύς.

158 4181 298 4266 Interfioa'
328 4205 348 4245 ο
378 4182 491 4246 civitae
520 4184 583 4246 acie
615 4184 696 4248 dixit
727 4204 801 4270 pag.
833 4181 911 4247 354.
937 4181 1009 4263 πρὸς
1034 4187 1092 4247 τῶν
1116 4181 1197 4248 ίδίονν
1219 4195 1352 4254 πολιτῶν

159 4291 332 4354 οέττούανείν.
365 4294 397 4354 11
426 4290 534 4354 octauo
566 4288 986 4374 accipere(vu1nerari)ab
1024 4289 1126 4378 ούίριοο
1162 4312 1236 4380 pag.
1272 4293 1349 4370 206.

160 4396 331 4486 τραύματα
354 4395 462 4464 πολλοὶ
485 4397 557 4484 πρὸς
580 4403 639 4466 τῶν
664 4397 828 4484 μειρακίων
850 4393 938 4482 λαβδ
939 4419 1018 4475 ντες.
