3076 5004
697 284 739 353 97

168 481 336 549 Praeterea
359 483 481 570 corrige
504 476 676 560 ἐβουλόμην
703 477 760 556 μὲν
780 480 857 542 ”AN
875 497 932 564 pro
954 484 1029 555 ΔΗ,
1051 498 1130 563 quae
1151 478 1308 546 tralaticia

117 589 159 654 in
180 588 272 656 libris
294 588 437 655 confusio
459 593 517 655 est.

167 800 247 888 Peg.
279 796 359 864 866.
391 798 484 868 αύτδς
519 795 644 862 κωλύειν
680 796 772 861 αὐτὸν
807 793 1065 876 παρεσκεύασμαι
1101 798 1249 879 πράττειν
1284 795 1306 864 ύι

119 906 210 971 κοντοὶ
244 909 310 971 νοῦν
344 900 424 986 ἔχει.
446 903 565 990 'Apud
598 904 696 969 bonos
726 904 892 987 scriptores
924 904 1010 968 κατα
1042 909 1106 968 νοῦν
1142 907 1188 989 (et
1223 906 1308 972 caret

119 1010 262 1099 γνύμνν)
298 1031 423 1096 semper
457 1007 617 1097 significat
651 1031 687 1071 κα
720 1008 815 1071 αιιίιοιί
844 1010 1006 1093 sententia,
1041 1017 1074 1075 et
1108 1013 1152 1075 sic
1189 1014 1307 1096 passim

120 1118 299 1206 Dionysius
322 1116 402 1181 dicit
426 1115 509 1180 κατὰ
534 1119 599 1180 νοῦν
621 1121 741 1194 χωρεῖν.
788 1113 951 1179 Interdum
975 1124 1013 1178 ut
1035 1117 1066 1179 h.
1080 1116 1102 1181 1.
1130 1117 1216 1181 κατα
1245 1121 1309 1181 νοῦν

122 1224 210 1306 ἔχειν
232 1225 315 1290 dixit
335 1242 392 1308 pro
416 1222 450 1286 νἰν
467 1221 566 1286 animo
582 1222 703 1299 habere,
725 1221 809 1305 quod
829 1218 948 1287 Graece
968 1222 1086 1286 dicitur
1105 1224 1135 1287 ἕν
1155 1224 1192 1304 νῷ
1213 1221 1309 1303 ἔχειν.

169 1434 249 1523 Peg.
281 1430 357 1501 867.
389 1433 467 1503 τίνος
499 1426 549 1497 οὖν
580 1434 684 1496 ταῦτα
715 1432 889 1510 μηνύματα
920 1432 1120 1506 ΠΕΙΘΕτύε;
1146 1431 1310 1500 Sententia

123 1546 193 1608 est:
229 1541 314 1604 οαίαο
342 1539 388 1602 rei
416 1538 511 1619 igitur
541 1538 657 1600 indicio
684 1539 755 1601 ύαοο
779 1560 839 1601 esee
860 1534 1017 1602 PUrA'rrs?
1063 1536 1148 1624 Ergo
1172 1558 1211 1602 ex
1235 1535 1309 1604 Chi·

123 1650 214 1713 siano
237 1646 362 1724 ἡγεῖσθε
386 1664 443 1730 pro
469 1642 605 1708 πείύεούε
629 1643 852 1728 reponendum.

172 1855 252 1943 Pag.
278 1851 356 1919 868.
379 1852 449 1925 τοὺς
473 1852 530 1931 μὲν
553 1851 701 1933 πμοδύτας
725 1862 780 1927 τῆς
804 1854 949 1933 πατρίδος
973 1852 1094 1933 σύζεις,
1120 1854 1174 1930 ἐμὲ
1199 1855 1229 1919 δὲ
1258 1858 1308 1923 τὸν

126 1962 199 2040 ὑπὲρ
222 1962 319 2034 αύτῦς
344 1956 564 2038 ύμοινιζύμενον
587 1958 787 2030 ἀποκτείνεις.
833 1959 905 2024 Non
928 1963 1063 2025 memini
1085 1982 1137 2025 me
1157 1963 1310 2029 infelicio-

126 2087 193 2131 rem
221 2068 433 2132 coniecturam
464 2065 581 2133 vidisse
604 2087 700 2150 quam
724 2066 889 2130 Sintenisii
912 2088 931 2130 a
953 2066 1149 2154 Kiesslingio
1173 2090 1309 2136 comme·

126 2176 283 2238 moratam
303 2170 481 2242 ἀποκναίεις
500 2190 557 2256 pro
576 2172 777 2243 ἀποκτείνεις.
802 2170 972 2256 Sophocles
991 2174 1024 2235 in
1044 2175 1194 2240 Aiacevs.
1211 2174 1308 2242 1126.

354 2276 458 2342 δίκαια
481 2277 546 2356 γὰρ
568 2276 647 2342 τόνδ’
674 2280 818 2355 εὐτυχεῖν
843 2277 1008 2342 κτείναντα
1032 2302 1089 2356 μες

296 2395 330 2448 Β.
357 2381 521 2447 κτείναντα
530 2403 538 2461 ;
563 2382 654 2448 δεινόν
679 2382 713 2460 γ’
738 2379 828 2454 εἶπας
852 2383 877 2446 εί
902 2383 953 2446 καί
979 2383 1032 2465 ζῇς
1057 2386 1162 2450 ύανύν.

291 2499 331 2555 A.
357 2488 419 2562 ύεδς
443 2488 505 2570 γαρ
530 2488 652 2571 ἐκσύζει
676 2512 734 2566 με,
760 2487 836 2569 τῷδε
860 2488 885 2553 δ’
909 2487 1048 2567 οἴχομαι.

173 2687 249 2776 Pag.
282 2684 357 2753 869.
391 2688 496 2767 ψῆφον
528 2683 671 2750 οίναδύτιι
708 2681 846 2758 καλέσας
882 2684 998 2749 αύτίκοι
1033 2683 1204 2763 stalera
1241 2690 1310 2766 τοὺς

124 2794 251 2876 λόχους.
308 2792 494 2858 inauditum
533 2790 656 2855 dicendi
690 2811 801 2877 genus.
860 2790 1014 2856 Dicebant
1051 2812 1159 2858 omues
1195 2796 1311 2862 αὐτίκα

123 2903 221 2981 μύλα
251 2904 284 2965 et
315 2897 432 2963 αὐτίκα
460 2897 495 2970 δῦ
519 2894 627 2975 μύλα,
656 2916 791 2982 quorum
815 2896 897 2960 illud
921 2895 1073 2985 Dionysio
1097 2899 1310 2993 reddendum,

122 3010 183 3094 qui
204 3027 295 3091 saepe
319 3004 434 3070 αὐτίκα
456 3001 550 3083 μύλα
575 3003 678 3069 dicere
701 3001 790 3068 solet.

171 3188 248 3254 Post
272 3201 390 3270 pauca:
416 3181 498 3249 εὗδ’
523 3181 570 3251 ίςε
598 3176 671 3269 [ἔτι]
697 3180 774 3246 δνοῖν
799 3179 920 3261 ύοίτερον
945 3180 962 3255 ἢ
987 3189 1174 3249 Κολλατῖνον
1194 3184 1310 3266 ἕξοντες

124 3292 245 3361 ῦπατον
268 3292 285 3368 ἢ
310 3294 446 3371 Βροῦτον.
492 3288 659 3373 Expuncto
683 3282 727 3351 ύτι
754 3289 861 3382 omnia
883 3286 1046 3351 habebunt
1069 3293 1200 3375 optime.

172 3473 251 3560 Peg.
284 3468 360 3535 869.
394 3470 467 3548 ὑπὲρ
498 3475 556 3532 τῦν
589 3469 697 3532 ἑαυτοῦ
729 3467 880 3544 διαβολῶν
905 3468 1163 3548 ἀπολογούμενος.
1209 3475 1313 3545 Resti.

123 3578 282 3645 tuendum
307 3575 391 3661 quod
412 3575 586 3660 Dionysius
609 3573 691 3658 solet
713 3579 770 3638 τῦν
796 3575 890 3637 line*
913 3574 1032 3638 ἑαυτοῦ.
1068 3575 1120 3641 Sic
1139 3599 1212 3666 pag.
1233 3581 1311 3651 870.

124 3683 317 3752 detondeatur
341 3682 400 3753 τοὶς
425 3680 494 3745 καθ’
520 3681 629 3744 ἑαυτοῦ
655 3677 825 3763 διαβολοίς,
850 3685 882 3743 et
905 3678 983 3743 aiibi
1006 3687 1191 3748 constanter.

172 3864 253 3952 Pag.
278 3860 355 3930 870.
380 3865 456 3928 αλλ’
481 3864 506 3928 εί
529 3864 612 3926 δοκεῖ
632 3867 694 3932 τοῖς
718 3859 817 3924 δοῦσιν
842 3860 938 3933 αὐτὴν
964 3857 1030 3946 (τίον
1053 3860 1165 3950 ἀρχὴν)
1190 3866 1311 3934 dmm.

124 3971 195 4051 βεΐν
226 3968 335 4034 ἑκόντα
359 3966 589 4032 ΚΑΤΑύέτθαι.
648 3966 780 4031 Dixerat
806 3965 1008 4030 ἈΠΟύίτύαι
1033 3966 1086 4030 sed
1108 3975 1312 4054 praepositio-

124 4098 205 4143 num
236 4075 337 4163 siglae
366 4074 424 4139 has
455 4075 564 4138 turbas
594 4072 757 4137 dederunt.
803 4070 901 4136 Recte
932 4092 1004 4158 pag.
1030 4069 1107 4137 872.
1132 4075 1312 4144 οῖποτῖύεται

126 4186 182 4257 νῦν
205 4181 320 4263 ἀρχήν,
344 4184 376 4244 et
399 4183 443 4244 sic
466 4180 592 4263 ubique.

172 4288 248 4353 Post
271 4307 372 4373 pauca
395 4285 495 4350 scribe
517 4282 704 4364 μεταύέούαι
729 4308 763 4348 τε
786 4284 841 4359 τίον
865 4280 976 4359 οίκκοιν
1002 4283 1139 4365 ἑτέρωσε
1160 4297 1234 4355 ΠΟΙ
1254 4311 1311 4376 pro

127 4393 246 4475 ἑτὲοωύί
269 4392 308 4471 μέ
334 4391 385 4457 ποί
408 4415 493 4456 ποτε.

176 4512 243 4550 oron.
261 4511 321 4548 nnn.
430 4529 432 4534 ·
1155 4498 1167 4547 7
