<?xml version="1.0" encoding="UTF-8"?>
<!DOCTYPE html PUBLIC "-//W3C//DTD XHTML 1.0 Transitional//EN"
    "http://www.w3.org/TR/xhtml1/DTD/xhtml1-transitional.dtd">
<html xmlns="http://www.w3.org/1999/xhtml" xml:lang="en" lang="en">
 <head>
  <title>
</title>
<meta http-equiv="Content-Type" content="text/html;charset=utf-8" />
  <meta name='ocr-system' content='tesseract 3.04.00' />
  <meta name='ocr-capabilities' content='ocr_page ocr_carea ocr_par ocr_line ocrx_word'/>
</head>
<body>
  <div class='ocr_page' id='page_1' title='image "./observationescr00cobegoog_0161.png"; bbox 0 0 3076 5004; ppageno 0'>
   <div class='ocr_carea' id='block_1_1' title="bbox 693 278 756 345">
    <p class='ocr_par' dir='ltr' id='par_1_1' title="bbox 693 278 756 345">
     <span class='ocr_line' id='line_1_1' title="bbox 693 278 756 345; baseline 0.016 -1"><span class='ocrx_word' id='word_1_1' title='bbox 693 278 756 345; x_wconf 72' lang='lat'>133</span> 
     </span>
    </p>
   </div>
   <div class='ocr_carea' id='block_1_2' title="bbox 129 466 1339 4499">
    <p class='ocr_par' dir='ltr' id='par_1_2' title="bbox 129 466 1328 2688">
     <span class='ocr_line' id='line_1_2' title="bbox 129 466 1319 560; baseline -0.003 -20"><span class='ocrx_word' id='word_1_2' title='bbox 129 480 162 541; x_wconf 91' lang='lat' dir='ltr'>et</span> <span class='ocrx_word' id='word_1_3' title='bbox 180 474 377 560; x_wconf 75' lang='lat' dir='ltr'>perturbatio</span> <span class='ocrx_word' id='word_1_4' title='bbox 395 492 503 537; x_wconf 90' lang='lat' dir='ltr'>rerum</span> <span class='ocrx_word' id='word_1_5' title='bbox 525 492 560 537; x_wconf 89' lang='lat' dir='ltr'>ac</span> <span class='ocrx_word' id='word_1_6' title='bbox 580 475 781 556; x_wconf 77' lang='lat' dir='ltr'>temporum,</span> <span class='ocrx_word' id='word_1_7' title='bbox 803 473 841 533; x_wconf 94' lang='lat' dir='ltr'>ut</span> <span class='ocrx_word' id='word_1_8' title='bbox 859 466 941 533; x_wconf 88' lang='lat' dir='ltr'>nihil</span> <span class='ocrx_word' id='word_1_9' title='bbox 960 467 1194 554; x_wconf 87' lang='lat' dir='ltr'>impediatque</span> <span class='ocrx_word' id='word_1_10' title='bbox 1213 471 1319 536; x_wconf 89' lang='lat' dir='ltr'>minus</span> 
     </span>
     <span class='ocr_line' id='line_1_3' title="bbox 130 574 1320 666; baseline -0.003 -19"><span class='ocrx_word' id='word_1_11' title='bbox 130 580 241 647; x_wconf 87' lang='lat' dir='ltr'>Numa</span> <span class='ocrx_word' id='word_1_12' title='bbox 263 579 444 664; x_wconf 82' lang='lat' dir='ltr'><strong>Pompilius</strong></span> <span class='ocrx_word' id='word_1_13' title='bbox 463 579 667 666; x_wconf 75' lang='lat' dir='ltr'><strong>Pythagorae</strong></span> <span class='ocrx_word' id='word_1_14' title='bbox 691 575 832 663; x_wconf 90' lang='lat' dir='ltr'>aequalis</span> <span class='ocrx_word' id='word_1_15' title='bbox 854 575 967 653; x_wconf 87' lang='lat' dir='ltr'>fuerit,</span> <span class='ocrx_word' id='word_1_16' title='bbox 992 582 1024 640; x_wconf 90' lang='lat' dir='ltr'>et</span> <span class='ocrx_word' id='word_1_17' title='bbox 1047 574 1239 662; x_wconf 78' lang='lat' dir='ltr'>Tarquinius</span> <span class='ocrx_word' id='word_1_18' title='bbox 1261 577 1320 644; x_wconf 83' lang='lat' dir='ltr'>Su·</span> 
     </span>
     <span class='ocr_line' id='line_1_4' title="bbox 129 682 1320 774; baseline -0.003 -20"><span class='ocrx_word' id='word_1_19' title='bbox 129 689 249 774; x_wconf 90' lang='lat' dir='ltr'>perhus</span> <span class='ocrx_word' id='word_1_20' title='bbox 272 687 356 773; x_wconf 89' lang='lat' dir='ltr'>apud</span> <span class='ocrx_word' id='word_1_21' title='bbox 378 685 485 751; x_wconf 87' lang='lat' dir='ltr'>lacum</span> <span class='ocrx_word' id='word_1_22' title='bbox 505 683 672 771; x_wconf 81' lang='lat' dir='ltr'>Regillum</span> <span class='ocrx_word' id='word_1_23' title='bbox 692 684 899 770; x_wconf 80' lang='lat' dir='ltr'>pugnaverit,</span> <span class='ocrx_word' id='word_1_24' title='bbox 920 688 953 747; x_wconf 93' lang='lat' dir='ltr'>et</span> <span class='ocrx_word' id='word_1_25' title='bbox 971 682 1145 770; x_wconf 89' lang='lat' dir='ltr'>Dionysius</span> <span class='ocrx_word' id='word_1_26' title='bbox 1166 691 1320 771; x_wconf 86' lang='lat' dir='ltr'>tyrannus</span> 
     </span>
     <span class='ocr_line' id='line_1_5' title="bbox 130 790 1322 880; baseline -0.003 -19"><span class='ocrx_word' id='word_1_27' title='bbox 130 794 285 861; x_wconf 79' lang='lat' dir='ltr'>Romame</span> <span class='ocrx_word' id='word_1_28' title='bbox 308 793 507 858; x_wconf 81' lang='lat' dir='ltr'>trumentum</span> <span class='ocrx_word' id='word_1_29' title='bbox 539 792 619 856; x_wconf 91' lang='lat' dir='ltr'>dono</span> <span class='ocrx_word' id='word_1_30' title='bbox 649 790 787 856; x_wconf 85' lang='lat' dir='ltr'>dederit:</span> <span class='ocrx_word' id='word_1_31' title='bbox 820 810 899 875; x_wconf 87' lang='lat' dir='ltr'>quae</span> <span class='ocrx_word' id='word_1_32' title='bbox 922 790 1030 854; x_wconf 91' lang='lat' dir='ltr'>omnia</span> <span class='ocrx_word' id='word_1_33' title='bbox 1052 809 1179 875; x_wconf 93' lang='lat' dir='ltr'>operose</span> <span class='ocrx_word' id='word_1_34' title='bbox 1202 791 1322 880; x_wconf 81' lang='lat' dir='ltr'>Diony·</span> 
     </span>
     <span class='ocr_line' id='line_1_6' title="bbox 131 894 1322 981; baseline -0.003 -14"><span class='ocrx_word' id='word_1_35' title='bbox 131 903 199 968; x_wconf 91' lang='lat' dir='ltr'>sius</span> <span class='ocrx_word' id='word_1_36' title='bbox 220 900 375 966; x_wconf 86' lang='lat' dir='ltr'>refutavit</span> <span class='ocrx_word' id='word_1_37' title='bbox 406 906 494 964; x_wconf 90' lang='lat' dir='ltr'>ratus</span> <span class='ocrx_word' id='word_1_38' title='bbox 526 919 564 964; x_wconf 82' lang='lat' dir='ltr'>es</span> <span class='ocrx_word' id='word_1_39' title='bbox 595 896 813 963; x_wconf 88' lang='lat' dir='ltr'>Romanorum</span> <span class='ocrx_word' id='word_1_40' title='bbox 835 894 1013 961; x_wconf 80' lang='lat' dir='ltr'>Annalibus</span> <span class='ocrx_word' id='word_1_41' title='bbox 1037 895 1179 981; x_wconf 88' lang='lat' dir='ltr'>aliquem</span> <span class='ocrx_word' id='word_1_42' title='bbox 1203 904 1322 964; x_wconf 90' lang='lat' dir='ltr'>certam</span> 
     </span>
     <span class='ocr_line' id='line_1_7' title="bbox 132 1001 1323 1092; baseline -0.003 -19"><span class='ocrx_word' id='word_1_43' title='bbox 132 1005 355 1092; x_wconf 78' lang='lat' dir='ltr'>chronologiae</span> <span class='ocrx_word' id='word_1_44' title='bbox 387 1007 542 1070; x_wconf 87' lang='lat' dir='ltr'>rationem</span> <span class='ocrx_word' id='word_1_45' title='bbox 573 1004 684 1090; x_wconf 84' lang='lat' dir='ltr'>colligi</span> <span class='ocrx_word' id='word_1_46' title='bbox 707 1023 814 1087; x_wconf 91' lang='lat' dir='ltr'>posse,</span> <span class='ocrx_word' id='word_1_47' title='bbox 845 1002 928 1087; x_wconf 92' lang='lat' dir='ltr'>quod</span> <span class='ocrx_word' id='word_1_48' title='bbox 952 1008 1060 1067; x_wconf 86' lang='lat' dir='ltr'>contra</span> <span class='ocrx_word' id='word_1_49' title='bbox 1082 1010 1140 1068; x_wconf 90' lang='lat' dir='ltr'>est.</span> <span class='ocrx_word' id='word_1_50' title='bbox 1186 1001 1323 1070; x_wconf 80' lang='lat' dir='ltr'>Summa</span> 
     </span>
     <span class='ocr_line' id='line_1_8' title="bbox 132 1109 1323 1199; baseline -0.003 -19"><span class='ocrx_word' id='word_1_51' title='bbox 132 1134 192 1199; x_wconf 90' lang='lat' dir='ltr'>ope</span> <span class='ocrx_word' id='word_1_52' title='bbox 214 1115 330 1177; x_wconf 90' lang='lat' dir='ltr'>nititur</span> <span class='ocrx_word' id='word_1_53' title='bbox 351 1117 390 1176; x_wconf 90' lang='lat' dir='ltr'>ut</span> <span class='ocrx_word' id='word_1_54' title='bbox 412 1114 440 1176; x_wconf 93' lang='lat' dir='ltr'>si</span> <span class='ocrx_word' id='word_1_55' title='bbox 463 1111 541 1196; x_wconf 92' lang='lat' dir='ltr'>quid</span> <span class='ocrx_word' id='word_1_56' title='bbox 564 1112 606 1175; x_wconf 91' lang='lat' dir='ltr'>sit</span> <span class='ocrx_word' id='word_1_57' title='bbox 629 1130 755 1194; x_wconf 89' lang='lat' dir='ltr'>prorsus</span> <span class='ocrx_word' id='word_1_58' title='bbox 779 1109 932 1174; x_wconf 87' lang='lat' dir='ltr'>absonum</span> <span class='ocrx_word' id='word_1_59' title='bbox 957 1113 990 1173; x_wconf 90' lang='lat' dir='ltr'>et</span> <span class='ocrx_word' id='word_1_60' title='bbox 1012 1109 1185 1174; x_wconf 90' lang='lat' dir='ltr'>absurdum</span> <span class='ocrx_word' id='word_1_61' title='bbox 1210 1112 1244 1176; x_wconf 91' lang='lat' dir='ltr'>id</span> <span class='ocrx_word' id='word_1_62' title='bbox 1267 1117 1323 1177; x_wconf 92' lang='lat' dir='ltr'>aut</span> 
     </span>
     <span class='ocr_line' id='line_1_9' title="bbox 132 1215 1323 1305; baseline -0.002 -20"><span class='ocrx_word' id='word_1_63' title='bbox 132 1217 261 1285; x_wconf 90' lang='lat' dir='ltr'>silentio</span> <span class='ocrx_word' id='word_1_64' title='bbox 292 1226 382 1303; x_wconf 89' lang='lat' dir='ltr'>tegat</span> <span class='ocrx_word' id='word_1_65' title='bbox 413 1226 469 1283; x_wconf 90' lang='lat' dir='ltr'>aut</span> <span class='ocrx_word' id='word_1_66' title='bbox 500 1219 637 1305; x_wconf 89' lang='lat' dir='ltr'>argutiis</span> <span class='ocrx_word' id='word_1_67' title='bbox 658 1223 803 1291; x_wconf 90' lang='lat' dir='ltr'>tueatur;</span> <span class='ocrx_word' id='word_1_68' title='bbox 829 1215 1097 1300; x_wconf 89' lang='lat' dir='ltr'>quemadmodum</span> <span class='ocrx_word' id='word_1_69' title='bbox 1122 1215 1253 1283; x_wconf 84' lang='lat' dir='ltr'>Flavius</span> <span class='ocrx_word' id='word_1_70' title='bbox 1275 1217 1323 1284; x_wconf 80' lang='lat' dir='ltr'>lo</span> 
     </span>
     <span class='ocr_line' id='line_1_10' title="bbox 131 1322 1321 1410; baseline -0.003 -18"><span class='ocrx_word' id='word_1_71' title='bbox 131 1326 249 1410; x_wconf 91' lang='lat' dir='ltr'>sephus</span> <span class='ocrx_word' id='word_1_72' title='bbox 270 1326 305 1389; x_wconf 92' lang='lat' dir='ltr'>in</span> <span class='ocrx_word' id='word_1_73' title='bbox 327 1323 545 1390; x_wconf 87' lang='lat' dir='ltr'>Hebraeorum</span> <span class='ocrx_word' id='word_1_74' title='bbox 565 1323 791 1404; x_wconf 73' lang='grc' dir='ltr'>Ἀρχκινινγίᾳ</span> <span class='ocrx_word' id='word_1_75' title='bbox 815 1322 939 1406; x_wconf 82' lang='lat' dir='ltr'>siquid</span> <span class='ocrx_word' id='word_1_76' title='bbox 958 1328 1040 1387; x_wconf 90' lang='lat' dir='ltr'>esset</span> <span class='ocrx_word' id='word_1_77' title='bbox 1060 1330 1126 1387; x_wconf 89' lang='lat' dir='ltr'>tam</span> <span class='ocrx_word' id='word_1_78' title='bbox 1147 1324 1321 1389; x_wconf 88' lang='lat' dir='ltr'>absurdum</span> 
     </span>
     <span class='ocr_line' id='line_1_11' title="bbox 131 1430 1322 1519; baseline 0 -22"><span class='ocrx_word' id='word_1_79' title='bbox 131 1438 172 1497; x_wconf 90' lang='lat' dir='ltr'>ut</span> <span class='ocrx_word' id='word_1_80' title='bbox 193 1431 228 1497; x_wconf 89' lang='lat' dir='ltr'>id</span> <span class='ocrx_word' id='word_1_81' title='bbox 250 1430 388 1497; x_wconf 86' lang='lat' dir='ltr'>Romani</span> <span class='ocrx_word' id='word_1_82' title='bbox 410 1452 512 1515; x_wconf 89' lang='lat' dir='ltr'>neque</span> <span class='ocrx_word' id='word_1_83' title='bbox 536 1450 636 1515; x_wconf 89' lang='lat' dir='ltr'>aequo</span> <span class='ocrx_word' id='word_1_84' title='bbox 658 1431 885 1519; x_wconf 66' lang='lat' dir='ltr'>animoseque</span> <span class='ocrx_word' id='word_1_85' title='bbox 906 1430 1036 1494; x_wconf 91' lang='lat' dir='ltr'>auribus</span> <span class='ocrx_word' id='word_1_86' title='bbox 1056 1432 1164 1514; x_wconf 89' lang='lat' dir='ltr'>aequis</span> <span class='ocrx_word' id='word_1_87' title='bbox 1183 1433 1322 1517; x_wconf 90' lang='lat' dir='ltr'>accipere</span> 
     </span>
     <span class='ocr_line' id='line_1_12' title="bbox 132 1533 1324 1624; baseline 0 -20"><span class='ocrx_word' id='word_1_88' title='bbox 132 1543 261 1624; x_wconf 82' lang='lat' dir='ltr'>possent</span> <span class='ocrx_word' id='word_1_89' title='bbox 284 1537 460 1621; x_wconf 86' lang='lat' dir='ltr'>multiplici</span> <span class='ocrx_word' id='word_1_90' title='bbox 483 1543 550 1603; x_wconf 89' lang='lat' dir='ltr'>arte</span> <span class='ocrx_word' id='word_1_91' title='bbox 575 1558 612 1602; x_wconf 89' lang='lat' dir='ltr'>ee</span> <span class='ocrx_word' id='word_1_92' title='bbox 635 1538 742 1602; x_wconf 92' lang='lat' dir='ltr'>omnia</span> <span class='ocrx_word' id='word_1_93' title='bbox 766 1544 822 1600; x_wconf 90' lang='lat' dir='ltr'>aut</span> <span class='ocrx_word' id='word_1_94' title='bbox 846 1533 973 1600; x_wconf 89' lang='lat' dir='ltr'>silentio</span> <span class='ocrx_word' id='word_1_95' title='bbox 993 1537 1162 1620; x_wconf 87' lang='lat' dir='ltr'>praeterire</span> <span class='ocrx_word' id='word_1_96' title='bbox 1182 1543 1239 1603; x_wconf 90' lang='lat' dir='ltr'>eut</span> <span class='ocrx_word' id='word_1_97' title='bbox 1260 1536 1324 1604; x_wconf 83' lang='lat' dir='ltr'>lae·</span> 
     </span>
     <span class='ocr_line' id='line_1_13' title="bbox 131 1639 1326 1733; baseline -0.003 -21"><span class='ocrx_word' id='word_1_98' title='bbox 131 1645 247 1733; x_wconf 80' lang='lat' dir='ltr'>vigare</span> <span class='ocrx_word' id='word_1_99' title='bbox 270 1641 359 1709; x_wconf 88' lang='lat' dir='ltr'>solet.</span> <span class='ocrx_word' id='word_1_100' title='bbox 397 1641 515 1709; x_wconf 81' lang='lat' dir='ltr'>Contra</span> <span class='ocrx_word' id='word_1_101' title='bbox 533 1643 669 1708; x_wconf 84' lang='lat' dir='ltr'>Romani</span> <span class='ocrx_word' id='word_1_102' title='bbox 688 1643 855 1726; x_wconf 80' lang='lat' dir='ltr'>scriptores</span> <span class='ocrx_word' id='word_1_103' title='bbox 875 1648 908 1706; x_wconf 93' lang='lat' dir='ltr'>et</span> <span class='ocrx_word' id='word_1_104' title='bbox 928 1639 1120 1706; x_wconf 81' lang='lat' dir='ltr'>Plutarchus</span> <span class='ocrx_word' id='word_1_105' title='bbox 1138 1643 1172 1706; x_wconf 92' lang='lat' dir='ltr'>in</span> <span class='ocrx_word' id='word_1_106' title='bbox 1195 1642 1326 1710; x_wconf 88' lang='lat' dir='ltr'>Romuli</span> 
     </span>
     <span class='ocr_line' id='line_1_14' title="bbox 133 1744 1325 1837; baseline 0 -20"><span class='ocrx_word' id='word_1_107' title='bbox 133 1757 169 1817; x_wconf 86' lang='lat' dir='ltr'>et</span> <span class='ocrx_word' id='word_1_108' title='bbox 191 1750 318 1816; x_wconf 90' lang='lat' dir='ltr'>Numae</span> <span class='ocrx_word' id='word_1_109' title='bbox 341 1750 496 1835; x_wconf 85' lang='lat' dir='ltr'>Pompilii</span> <span class='ocrx_word' id='word_1_110' title='bbox 519 1755 552 1815; x_wconf 93' lang='lat' dir='ltr'>et</span> <span class='ocrx_word' id='word_1_111' title='bbox 571 1749 690 1814; x_wconf 87' lang='lat' dir='ltr'>Valerii</span> <span class='ocrx_word' id='word_1_112' title='bbox 713 1747 895 1833; x_wconf 90' lang='lat' dir='ltr'>Poplicolae</span> <span class='ocrx_word' id='word_1_113' title='bbox 917 1754 950 1812; x_wconf 90' lang='lat' dir='ltr'>et</span> <span class='ocrx_word' id='word_1_114' title='bbox 970 1744 1101 1813; x_wconf 84' lang='lat' dir='ltr'>Camilli</span> <span class='ocrx_word' id='word_1_115' title='bbox 1120 1750 1188 1814; x_wconf 86' lang='lat' dir='ltr'>vita</span> <span class='ocrx_word' id='word_1_116' title='bbox 1206 1770 1325 1837; x_wconf 86' lang='lat' dir='ltr'>magno</span> 
     </span>
     <span class='ocr_line' id='line_1_15' title="bbox 133 1853 1327 1941; baseline -0.001 -18"><span class='ocrx_word' id='word_1_117' title='bbox 133 1858 269 1924; x_wconf 87' lang='lat' dir='ltr'>candore</span> <span class='ocrx_word' id='word_1_118' title='bbox 293 1861 325 1922; x_wconf 89' lang='lat' dir='ltr'>et</span> <span class='ocrx_word' id='word_1_119' title='bbox 347 1856 554 1941; x_wconf 88' lang='lat' dir='ltr'>simplicitate</span> <span class='ocrx_word' id='word_1_120' title='bbox 578 1861 610 1922; x_wconf 91' lang='lat' dir='ltr'>et</span> <span class='ocrx_word' id='word_1_121' title='bbox 634 1857 814 1920; x_wconf 83' lang='lat' dir='ltr'>sinceritate</span> <span class='ocrx_word' id='word_1_122' title='bbox 847 1874 957 1918; x_wconf 91' lang='lat' dir='ltr'>omnes</span> <span class='ocrx_word' id='word_1_123' title='bbox 987 1853 1118 1920; x_wconf 85' lang='lat' dir='ltr'>tabellas</span> <span class='ocrx_word' id='word_1_124' title='bbox 1141 1858 1238 1921; x_wconf 87' lang='lat' dir='ltr'>etiam</span> <span class='ocrx_word' id='word_1_125' title='bbox 1259 1877 1327 1941; x_wconf 93' lang='lat' dir='ltr'>per·</span> 
     </span>
     <span class='ocr_line' id='line_1_16' title="bbox 135 1960 1327 2050; baseline 0.001 -22"><span class='ocrx_word' id='word_1_126' title='bbox 135 1962 288 2029; x_wconf 83' lang='lat' dir='ltr'>absurdas</span> <span class='ocrx_word' id='word_1_127' title='bbox 319 1969 351 2027; x_wconf 90' lang='lat' dir='ltr'>et</span> <span class='ocrx_word' id='word_1_128' title='bbox 381 1965 578 2046; x_wconf 87' lang='lat' dir='ltr'>apertissime</span> <span class='ocrx_word' id='word_1_129' title='bbox 609 1982 683 2027; x_wconf 91' lang='lat' dir='ltr'>curn</span> <span class='ocrx_word' id='word_1_130' title='bbox 714 1982 822 2026; x_wconf 89' lang='lat' dir='ltr'>rerum</span> <span class='ocrx_word' id='word_1_131' title='bbox 843 1967 956 2025; x_wconf 88' lang='lat' dir='ltr'>natura</span> <span class='ocrx_word' id='word_1_132' title='bbox 979 1966 1011 2024; x_wconf 92' lang='lat' dir='ltr'>et</span> <span class='ocrx_word' id='word_1_133' title='bbox 1034 1960 1175 2028; x_wconf 88' lang='lat' dir='ltr'>humano</span> <span class='ocrx_word' id='word_1_134' title='bbox 1196 1965 1327 2050; x_wconf 90' lang='lat' dir='ltr'>ingenio</span> 
     </span>
     <span class='ocr_line' id='line_1_17' title="bbox 134 2067 1323 2157; baseline 0.001 -23"><span class='ocrx_word' id='word_1_135' title='bbox 134 2074 315 2157; x_wconf 86' lang='lat' dir='ltr'>pugnantes</span> <span class='ocrx_word' id='word_1_136' title='bbox 353 2071 399 2133; x_wconf 91' lang='lat' dir='ltr'>sic</span> <span class='ocrx_word' id='word_1_137' title='bbox 432 2075 469 2133; x_wconf 91' lang='lat' dir='ltr'>ut</span> <span class='ocrx_word' id='word_1_138' title='bbox 507 2078 600 2134; x_wconf 85' lang='lat' dir='ltr'>vetus</span> <span class='ocrx_word' id='word_1_139' title='bbox 629 2068 715 2134; x_wconf 85' lang='lat' dir='ltr'>fame</span> <span class='ocrx_word' id='word_1_140' title='bbox 745 2067 865 2132; x_wconf 84' lang='lat' dir='ltr'>ferebat</span> <span class='ocrx_word' id='word_1_141' title='bbox 900 2068 1073 2132; x_wconf 86' lang='lat' dir='ltr'>memoriae</span> <span class='ocrx_word' id='word_1_142' title='bbox 1107 2068 1323 2152; x_wconf 89' lang='lat' dir='ltr'>prodiderunt.</span> 
     </span>
     <span class='ocr_line' id='line_1_18' title="bbox 135 2173 1325 2261; baseline 0.002 -19"><span class='ocrx_word' id='word_1_143' title='bbox 135 2175 291 2260; x_wconf 77' lang='lat' dir='ltr'>Exemplo</span> <span class='ocrx_word' id='word_1_144' title='bbox 314 2182 380 2242; x_wconf 89' lang='lat' dir='ltr'>esto</span> <span class='ocrx_word' id='word_1_145' title='bbox 403 2175 436 2241; x_wconf 91' lang='lat' dir='ltr'>id</span> <span class='ocrx_word' id='word_1_146' title='bbox 460 2176 543 2261; x_wconf 88' lang='lat' dir='ltr'>quod</span> <span class='ocrx_word' id='word_1_147' title='bbox 567 2197 604 2241; x_wconf 85' lang='lat' dir='ltr'>ex</span> <span class='ocrx_word' id='word_1_148' title='bbox 626 2174 843 2241; x_wconf 90' lang='lat' dir='ltr'>Romanorum</span> <span class='ocrx_word' id='word_1_149' title='bbox 863 2173 988 2239; x_wconf 80' lang='lat' dir='ltr'>fabellis</span> <span class='ocrx_word' id='word_1_150' title='bbox 1007 2182 1114 2241; x_wconf 88' lang='lat' dir='ltr'>narrat</span> <span class='ocrx_word' id='word_1_151' title='bbox 1133 2175 1325 2244; x_wconf 86' lang='lat' dir='ltr'>Plutarchus</span> 
     </span>
     <span class='ocr_line' id='line_1_19' title="bbox 135 2281 1326 2367; baseline 0.003 -19"><span class='ocrx_word' id='word_1_152' title='bbox 135 2284 171 2348; x_wconf 87' lang='lat' dir='ltr'>in</span> <span class='ocrx_word' id='word_1_153' title='bbox 194 2282 320 2346; x_wconf 80' lang='lat' dir='ltr'>Romulo</span> <span class='ocrx_word' id='word_1_154' title='bbox 343 2303 410 2367; x_wconf 85' lang='lat' dir='ltr'>oap.</span> <span class='ocrx_word' id='word_1_155' title='bbox 436 2282 535 2346; x_wconf 87' lang='lat' dir='ltr'>XXV.</span> <span class='ocrx_word' id='word_1_156' title='bbox 569 2282 603 2346; x_wconf 78' lang='lat' dir='ltr'>ri</span> <span class='ocrx_word' id='word_1_157' title='bbox 633 2282 660 2346; x_wconf 79' lang='grc' dir='ltr'>δ’</span> <span class='ocrx_word' id='word_1_158' title='bbox 683 2281 735 2345; x_wconf 75' lang='grc' dir='ltr'>ὑπ’</span> <span class='ocrx_word' id='word_1_159' title='bbox 765 2281 847 2345; x_wconf 79' lang='grc' dir='ltr'><strong><em>ἐνίων</em></strong></span> <span class='ocrx_word' id='word_1_160' title='bbox 870 2282 1037 2358; x_wconf 74' lang='grc' dir='ltr'><strong><em>λεγόμενον</em></strong></span> <span class='ocrx_word' id='word_1_161' title='bbox 1061 2284 1168 2363; x_wconf 71' lang='grc' dir='ltr'><strong><em>κομιδῇ</em></strong></span> <span class='ocrx_word' id='word_1_162' title='bbox 1192 2284 1326 2363; x_wconf 66' lang='lat' dir='ltr'>cateth</span> 
     </span>
     <span class='ocr_line' id='line_1_20' title="bbox 138 2383 1327 2472; baseline 0.003 -19"><span class='ocrx_word' id='word_1_163' title='bbox 138 2389 202 2472; x_wconf 73' lang='grc' dir='ltr'>ἔτι,</span> <span class='ocrx_word' id='word_1_164' title='bbox 226 2392 349 2466; x_wconf 67' lang='grc' dir='ltr'><strong><em>μᾶλλον</em></strong></span> <span class='ocrx_word' id='word_1_165' title='bbox 372 2387 403 2453; x_wconf 73' lang='lat' dir='ltr'>ti</span> <span class='ocrx_word' id='word_1_166' title='bbox 427 2387 503 2461; x_wconf 73' lang='lat' dir='ltr'>itus</span> <span class='ocrx_word' id='word_1_167' title='bbox 528 2386 655 2465; x_wconf 68' lang='grc' dir='ltr'>ἄπιτον,</span> <span class='ocrx_word' id='word_1_168' title='bbox 677 2383 723 2452; x_wconf 75' lang='grc' dir='ltr'>ὅτι</span> <span class='ocrx_word' id='word_1_169' title='bbox 743 2388 853 2465; x_wconf 78' lang='grc' dir='ltr'><strong><em>μυρίων</em></strong></span> <span class='ocrx_word' id='word_1_170' title='bbox 873 2387 926 2451; x_wconf 76' lang='lat' dir='ltr'>ecl</span> <span class='ocrx_word' id='word_1_171' title='bbox 946 2390 1202 2470; x_wconf 74' lang='grc' dir='ltr'>τετρακισχιλίων</span> <span class='ocrx_word' id='word_1_172' title='bbox 1222 2391 1327 2457; x_wconf 76' lang='grc' dir='ltr'><strong><em>τενόν-</em></strong></span> 
     </span>
     <span class='ocr_line' id='line_1_21' title="bbox 139 2490 1328 2585; baseline 0.005 -25"><span class='ocrx_word' id='word_1_173' title='bbox 139 2518 197 2560; x_wconf 92' lang='grc' dir='ltr'>των</span> <span class='ocrx_word' id='word_1_174' title='bbox 218 2493 290 2573; x_wconf 72' lang='grc' dir='ltr'>ὑπὲρ</span> <span class='ocrx_word' id='word_1_175' title='bbox 312 2490 593 2569; x_wconf 63' lang='lat' dir='ltr'>iniustissimis</span> <span class='ocrx_word' id='word_1_176' title='bbox 614 2495 707 2566; x_wconf 77' lang='grc' dir='ltr'><strong><em>ωὑτὸς</em></strong></span> <span class='ocrx_word' id='word_1_177' title='bbox 724 2494 785 2577; x_wconf 72' lang='grc' dir='ltr'>ἰδίᾳ</span> <span class='ocrx_word' id='word_1_178' title='bbox 804 2492 884 2573; x_wconf 75' lang='grc' dir='ltr'><strong><em>χειρὶ</em></strong></span> <span class='ocrx_word' id='word_1_179' title='bbox 905 2494 1060 2571; x_wconf 78' lang='grc' dir='ltr'><strong><em>Ῥωμύλος</em></strong></span> <span class='ocrx_word' id='word_1_180' title='bbox 1080 2492 1228 2583; x_wconf 78' lang='grc' dir='ltr'><strong><em>ἔκτεινεν,</em></strong></span> <span class='ocrx_word' id='word_1_181' title='bbox 1249 2520 1328 2585; x_wconf 86' lang='lat' dir='ltr'>quae</span> 
     </span>
     <span class='ocr_line' id='line_1_22' title="bbox 140 2600 702 2688; baseline 0.002 -21"><span class='ocrx_word' id='word_1_182' title='bbox 140 2600 331 2667; x_wconf 88' lang='lat' dir='ltr'>cantilenam</span> <span class='ocrx_word' id='word_1_183' title='bbox 353 2601 539 2688; x_wconf 88' lang='lat' dir='ltr'>popularem</span> <span class='ocrx_word' id='word_1_184' title='bbox 563 2606 702 2688; x_wconf 90' lang='lat' dir='ltr'>sapiunt.</span> 
     </span>
    </p>

    <p class='ocr_par' dir='ltr' id='par_1_3' title="bbox 139 2705 1339 4499">
     <span class='ocr_line' id='line_1_23' title="bbox 185 2705 1328 2799; baseline 0.007 -28"><span class='ocrx_word' id='word_1_185' title='bbox 185 2706 247 2772; x_wconf 81' lang='lat' dir='ltr'>Sed</span> <span class='ocrx_word' id='word_1_186' title='bbox 270 2727 309 2772; x_wconf 90' lang='lat' dir='ltr'>ne</span> <span class='ocrx_word' id='word_1_187' title='bbox 332 2711 377 2773; x_wconf 89' lang='lat' dir='ltr'>sic</span> <span class='ocrx_word' id='word_1_188' title='bbox 408 2709 538 2793; x_wconf 88' lang='lat' dir='ltr'>quidem</span> <span class='ocrx_word' id='word_1_189' title='bbox 570 2708 745 2794; x_wconf 86' lang='lat' dir='ltr'>Dionysius</span> <span class='ocrx_word' id='word_1_190' title='bbox 768 2707 808 2772; x_wconf 86' lang='lat' dir='ltr'>ed</span> <span class='ocrx_word' id='word_1_191' title='bbox 832 2705 927 2773; x_wconf 89' lang='lat' dir='ltr'>fidem</span> <span class='ocrx_word' id='word_1_192' title='bbox 951 2706 1129 2774; x_wconf 85' lang='lat' dir='ltr'>faciendam</span> <span class='ocrx_word' id='word_1_193' title='bbox 1154 2710 1328 2799; x_wconf 90' lang='lat' dir='ltr'>quidquam</span> 
     </span>
     <span class='ocr_line' id='line_1_24' title="bbox 139 2813 1329 2901; baseline 0.008 -24"><span class='ocrx_word' id='word_1_194' title='bbox 139 2813 281 2901; x_wconf 85' lang='lat' dir='ltr'>proiecit.</span> <span class='ocrx_word' id='word_1_195' title='bbox 331 2814 456 2880; x_wconf 87' lang='lat' dir='ltr'>Passim</span> <span class='ocrx_word' id='word_1_196' title='bbox 488 2836 605 2881; x_wconf 86' lang='lat' dir='ltr'>errores</span> <span class='ocrx_word' id='word_1_197' title='bbox 637 2822 669 2880; x_wconf 91' lang='lat' dir='ltr'>et</span> <span class='ocrx_word' id='word_1_198' title='bbox 698 2814 824 2879; x_wconf 89' lang='lat' dir='ltr'>fraudes</span> <span class='ocrx_word' id='word_1_199' title='bbox 854 2813 1027 2899; x_wconf 87' lang='lat' dir='ltr'>perpluunt</span> <span class='ocrx_word' id='word_1_200' title='bbox 1058 2821 1091 2879; x_wconf 91' lang='lat' dir='ltr'>et</span> <span class='ocrx_word' id='word_1_201' title='bbox 1117 2815 1240 2883; x_wconf 86' lang='lat' dir='ltr'>fabulas</span> <span class='ocrx_word' id='word_1_202' title='bbox 1263 2840 1329 2886; x_wconf 90' lang='lat' dir='ltr'>esse</span> 
     </span>
     <span class='ocr_line' id='line_1_25' title="bbox 140 2918 1329 3004; baseline 0.008 -21"><span class='ocrx_word' id='word_1_203' title='bbox 140 2918 229 2984; x_wconf 84' lang='lat' dir='ltr'>fictas</span> <span class='ocrx_word' id='word_1_204' title='bbox 260 2924 292 2985; x_wconf 89' lang='lat' dir='ltr'>et</span> <span class='ocrx_word' id='word_1_205' title='bbox 328 2927 492 2986; x_wconf 82' lang='lat' dir='ltr'>exornatas</span> <span class='ocrx_word' id='word_1_206' title='bbox 533 2924 628 2987; x_wconf 90' lang='lat' dir='ltr'>certis</span> <span class='ocrx_word' id='word_1_207' title='bbox 664 2921 791 2986; x_wconf 89' lang='lat' dir='ltr'>indiciis</span> <span class='ocrx_word' id='word_1_208' title='bbox 827 2920 1101 3004; x_wconf 87' lang='lat' dir='ltr'>deprehendimus.</span> <span class='ocrx_word' id='word_1_209' title='bbox 1156 2920 1236 2989; x_wconf 86' lang='lat' dir='ltr'>Utar</span> <span class='ocrx_word' id='word_1_210' title='bbox 1265 2946 1329 2992; x_wconf 92' lang='lat' dir='ltr'>uno</span> 
     </span>
     <span class='ocr_line' id='line_1_26' title="bbox 141 3024 1329 3117; baseline 0.006 -27"><span class='ocrx_word' id='word_1_211' title='bbox 141 3025 296 3112; x_wconf 87' lang='lat' dir='ltr'>exemplo.</span> <span class='ocrx_word' id='word_1_212' title='bbox 344 3024 459 3092; x_wconf 79' lang='lat' dir='ltr'>Suessa</span> <span class='ocrx_word' id='word_1_213' title='bbox 480 3027 627 3093; x_wconf 89' lang='lat' dir='ltr'>Pometia</span> <span class='ocrx_word' id='word_1_214' title='bbox 651 3048 669 3092; x_wconf 93' lang='lat' dir='ltr'>a</span> <span class='ocrx_word' id='word_1_215' title='bbox 692 3025 865 3111; x_wconf 77' lang='lat' dir='ltr'>Tarquinio</span> <span class='ocrx_word' id='word_1_216' title='bbox 888 3024 1031 3112; x_wconf 80' lang='lat' dir='ltr'>Superbo</span> <span class='ocrx_word' id='word_1_217' title='bbox 1055 3031 1195 3113; x_wconf 90' lang='lat' dir='ltr'>capitur,</span> <span class='ocrx_word' id='word_1_218' title='bbox 1221 3030 1329 3117; x_wconf 91' lang='lat' dir='ltr'>diripi-</span> 
     </span>
     <span class='ocr_line' id='line_1_27' title="bbox 141 3133 1327 3217; baseline 0.005 -20"><span class='ocrx_word' id='word_1_219' title='bbox 141 3136 211 3217; x_wconf 89' lang='lat' dir='ltr'>tur,</span> <span class='ocrx_word' id='word_1_220' title='bbox 247 3133 360 3199; x_wconf 91' lang='lat' dir='ltr'>incolis</span> <span class='ocrx_word' id='word_1_221' title='bbox 391 3135 524 3198; x_wconf 77' lang='lat' dir='ltr'>omnibus</span> <span class='ocrx_word' id='word_1_222' title='bbox 555 3139 611 3200; x_wconf 88' lang='lat' dir='ltr'>aut</span> <span class='ocrx_word' id='word_1_223' title='bbox 639 3136 759 3199; x_wconf 88' lang='lat' dir='ltr'>necatis</span> <span class='ocrx_word' id='word_1_224' title='bbox 788 3139 844 3198; x_wconf 88' lang='lat' dir='ltr'>eut</span> <span class='ocrx_word' id='word_1_225' title='bbox 878 3136 912 3197; x_wconf 90' lang='lat' dir='ltr'>in</span> <span class='ocrx_word' id='word_1_226' title='bbox 947 3134 1136 3199; x_wconf 83' lang='lat' dir='ltr'>servitutem</span> <span class='ocrx_word' id='word_1_227' title='bbox 1171 3134 1327 3204; x_wconf 88' lang='lat' dir='ltr'>abductis.</span> 
     </span>
     <span class='ocr_line' id='line_1_28' title="bbox 140 3237 1329 3328; baseline 0.003 -24"><span class='ocrx_word' id='word_1_228' title='bbox 140 3239 263 3305; x_wconf 81' lang='lat' dir='ltr'>Praeda</span> <span class='ocrx_word' id='word_1_229' title='bbox 285 3243 397 3328; x_wconf 84' lang='lat' dir='ltr'>ingens</span> <span class='ocrx_word' id='word_1_230' title='bbox 421 3248 529 3326; x_wconf 87' lang='lat' dir='ltr'>copta:</span> <span class='ocrx_word' id='word_1_231' title='bbox 562 3237 637 3305; x_wconf 79' lang='grc' dir='ltr'><strong><em>οὕτω</em></strong></span> <span class='ocrx_word' id='word_1_232' title='bbox 662 3241 693 3305; x_wconf 74' lang='grc' dir='ltr'>δὲ</span> <span class='ocrx_word' id='word_1_233' title='bbox 717 3237 778 3318; x_wconf 74' lang='grc' dir='ltr'>ἄρα</span> <span class='ocrx_word' id='word_1_234' title='bbox 802 3239 899 3311; x_wconf 74' lang='grc' dir='ltr'><strong><em>τολὺν</em></strong></span> <span class='ocrx_word' id='word_1_235' title='bbox 924 3240 938 3305; x_wconf 83' lang='lat' dir='ltr'>d</span> <span class='ocrx_word' id='word_1_236' title='bbox 962 3239 1176 3320; x_wconf 69' lang='grc' dir='ltr'>καταληφθεὶς</span> <span class='ocrx_word' id='word_1_237' title='bbox 1200 3239 1329 3323; x_wconf 72' lang='grc' dir='ltr'>ἄργυρός</span> 
     </span>
     <span class='ocr_line' id='line_1_29' title="bbox 142 3341 1332 3431; baseline 0.005 -22"><span class='ocrx_word' id='word_1_238' title='bbox 142 3370 178 3409; x_wconf 83' lang='grc' dir='ltr'>τε</span> <span class='ocrx_word' id='word_1_239' title='bbox 201 3344 252 3411; x_wconf 75' lang='lat' dir='ltr'>uel</span> <span class='ocrx_word' id='word_1_240' title='bbox 277 3348 391 3427; x_wconf 67' lang='lat' dir='ltr'>gracie</span> <span class='ocrx_word' id='word_1_241' title='bbox 423 3341 456 3419; x_wconf 73' lang='grc' dir='ltr'>ἦν</span> <span class='ocrx_word' id='word_1_242' title='bbox 480 3344 537 3416; x_wconf 66' lang='grc' dir='ltr'>ὅτε</span> <span class='ocrx_word' id='word_1_243' title='bbox 562 3353 620 3412; x_wconf 81' lang='grc' dir='ltr'>τῶν</span> <span class='ocrx_word' id='word_1_244' title='bbox 651 3347 707 3424; x_wconf 81' lang='grc' dir='ltr'>μὲν</span> <span class='ocrx_word' id='word_1_245' title='bbox 732 3347 906 3426; x_wconf 61' lang='lat' dir='ltr'>eperia—rba</span> <span class='ocrx_word' id='word_1_246' title='bbox 930 3341 1039 3414; x_wconf 73' lang='grc' dir='ltr'><strong><em>ἕκατον</em></strong></span> <span class='ocrx_word' id='word_1_247' title='bbox 1062 3346 1154 3411; x_wconf 78' lang='grc' dir='ltr'><strong><em>πέντε</em></strong></span> <span class='ocrx_word' id='word_1_248' title='bbox 1177 3352 1258 3425; x_wconf 70' lang='lat' dir='ltr'>rareio</span> <span class='ocrx_word' id='word_1_249' title='bbox 1281 3350 1332 3431; x_wconf 78' lang='lat' dir='ltr'>rip·</span> 
     </span>
     <span class='ocr_line' id='line_1_30' title="bbox 142 3452 1332 3538; baseline 0.005 -22"><span class='ocrx_word' id='word_1_250' title='bbox 142 3452 245 3533; x_wconf 70' lang='lat' dir='ltr'>pepios</span> <span class='ocrx_word' id='word_1_251' title='bbox 276 3453 408 3538; x_wconf 70' lang='grc' dir='ltr'>λαβεῖν,</span> <span class='ocrx_word' id='word_1_252' title='bbox 441 3454 475 3518; x_wconf 80' lang='grc' dir='ltr'>τὸ</span> <span class='ocrx_word' id='word_1_253' title='bbox 506 3453 537 3518; x_wconf 72' lang='grc' dir='ltr'>δὲ</span> <span class='ocrx_word' id='word_1_254' title='bbox 566 3460 628 3525; x_wconf 77' lang='grc' dir='ltr'>τοῖς</span> <span class='ocrx_word' id='word_1_255' title='bbox 662 3454 737 3526; x_wconf 77' lang='grc' dir='ltr'><em>θεοῖς</em></span> <span class='ocrx_word' id='word_1_256' title='bbox 762 3452 941 3517; x_wconf 73' lang='grc' dir='ltr'><em>δεκατευθὲν</em></span> <span class='ocrx_word' id='word_1_257' title='bbox 965 3452 1105 3532; x_wconf 72' lang='grc' dir='ltr'>ἀργύριον</span> <span class='ocrx_word' id='word_1_258' title='bbox 1129 3454 1332 3533; x_wconf 69' lang='grc' dir='ltr'><strong><em>τετρακοσίων</em></strong></span> 
     </span>
     <span class='ocr_line' id='line_1_31' title="bbox 142 3558 1333 3648; baseline 0.006 -24"><span class='ocrx_word' id='word_1_259' title='bbox 142 3560 175 3624; x_wconf 84' lang='grc' dir='ltr'>οὐ</span> <span class='ocrx_word' id='word_1_260' title='bbox 199 3567 283 3635; x_wconf 82' lang='grc' dir='ltr'><strong><em>μεῖον</em></strong></span> <span class='ocrx_word' id='word_1_261' title='bbox 307 3558 450 3636; x_wconf 69' lang='grc' dir='ltr'>γενέσθαι</span> <span class='ocrx_word' id='word_1_262' title='bbox 474 3559 646 3625; x_wconf 65' lang='lat' dir='ltr'>curasses.</span> <span class='ocrx_word' id='word_1_263' title='bbox 684 3559 817 3646; x_wconf 82' lang='lat' dir='ltr'>Dionys.</span> <span class='ocrx_word' id='word_1_264' title='bbox 837 3558 891 3624; x_wconf 86' lang='lat' dir='ltr'>IV.</span> <span class='ocrx_word' id='word_1_265' title='bbox 914 3579 988 3648; x_wconf 81' lang='lat' dir='ltr'>pag.</span> <span class='ocrx_word' id='word_1_266' title='bbox 1003 3558 1078 3624; x_wconf 83' lang='lat'>766.</span> <span class='ocrx_word' id='word_1_267' title='bbox 1117 3559 1233 3627; x_wconf 80' lang='lat' dir='ltr'>Samia</span> <span class='ocrx_word' id='word_1_268' title='bbox 1256 3563 1333 3631; x_wconf 78' lang='lat' dir='ltr'>haec</span> 
     </span>
     <span class='ocr_line' id='line_1_32' title="bbox 141 3664 1334 3753; baseline 0.005 -23"><span class='ocrx_word' id='word_1_269' title='bbox 141 3685 210 3730; x_wconf 91' lang='lat' dir='ltr'>esse</span> <span class='ocrx_word' id='word_1_270' title='bbox 233 3687 271 3731; x_wconf 83' lang='lat' dir='ltr'>ex</span> <span class='ocrx_word' id='word_1_271' title='bbox 295 3664 393 3731; x_wconf 82' lang='lat' dir='ltr'>Fabio</span> <span class='ocrx_word' id='word_1_272' title='bbox 418 3666 544 3732; x_wconf 89' lang='lat' dir='ltr'>Pictore</span> <span class='ocrx_word' id='word_1_273' title='bbox 574 3672 704 3752; x_wconf 87' lang='lat' dir='ltr'>apparet</span> <span class='ocrx_word' id='word_1_274' title='bbox 726 3687 765 3730; x_wconf 85' lang='lat' dir='ltr'>ex</span> <span class='ocrx_word' id='word_1_275' title='bbox 794 3665 888 3731; x_wconf 82' lang='lat' dir='ltr'>Livio</span> <span class='ocrx_word' id='word_1_276' title='bbox 915 3669 939 3730; x_wconf 93' lang='grc' dir='ltr'>Ι.</span> <span class='ocrx_word' id='word_1_277' title='bbox 963 3664 1005 3731; x_wconf 82' lang='grc'>53</span> <span class='ocrx_word' id='word_1_278' title='bbox 1029 3671 1061 3732; x_wconf 90' lang='lat' dir='ltr'>et</span> <span class='ocrx_word' id='word_1_279' title='bbox 1086 3666 1139 3731; x_wconf 78' lang='lat'>55.</span> <span class='ocrx_word' id='word_1_280' title='bbox 1159 3669 1193 3731; x_wconf 92' lang='lat' dir='ltr'>in</span> <span class='ocrx_word' id='word_1_281' title='bbox 1217 3688 1279 3753; x_wconf 90' lang='lat' dir='ltr'>qua</span> <span class='ocrx_word' id='word_1_282' title='bbox 1301 3693 1334 3737; x_wconf 90' lang='lat' dir='ltr'>re</span> 
     </span>
     <span class='ocr_line' id='line_1_33' title="bbox 142 3769 1335 3859; baseline 0.005 -23"><span class='ocrx_word' id='word_1_283' title='bbox 142 3773 234 3837; x_wconf 85' lang='lat' dir='ltr'>iuvat</span> <span class='ocrx_word' id='word_1_284' title='bbox 256 3772 418 3838; x_wconf 90' lang='lat' dir='ltr'>ostendere</span> <span class='ocrx_word' id='word_1_285' title='bbox 442 3771 529 3839; x_wconf 87' lang='lat' dir='ltr'>Livii</span> <span class='ocrx_word' id='word_1_286' title='bbox 552 3793 690 3838; x_wconf 90' lang='lat' dir='ltr'>errorem</span> <span class='ocrx_word' id='word_1_287' title='bbox 712 3771 806 3837; x_wconf 84' lang='lat' dir='ltr'>Fabii</span> <span class='ocrx_word' id='word_1_288' title='bbox 830 3771 927 3837; x_wconf 87' lang='lat' dir='ltr'>verba</span> <span class='ocrx_word' id='word_1_289' title='bbox 950 3769 1071 3839; x_wconf 85' lang='lat' dir='ltr'>Graeca</span> <span class='ocrx_word' id='word_1_290' title='bbox 1088 3794 1233 3859; x_wconf 84' lang='lat' dir='ltr'>perverse</span> <span class='ocrx_word' id='word_1_291' title='bbox 1255 3778 1335 3842; x_wconf 89' lang='lat' dir='ltr'>scci-</span> 
     </span>
     <span class='ocr_line' id='line_1_34' title="bbox 143 3878 1335 3965; baseline 0.004 -22"><span class='ocrx_word' id='word_1_292' title='bbox 143 3881 269 3964; x_wconf 88' lang='lat' dir='ltr'>pientis.</span> <span class='ocrx_word' id='word_1_293' title='bbox 315 3880 490 3946; x_wconf 81' lang='lat' dir='ltr'>Pometinae</span> <span class='ocrx_word' id='word_1_294' title='bbox 514 3878 670 3945; x_wconf 78' lang='lat' dir='ltr'>moratiue</span> <span class='ocrx_word' id='word_1_295' title='bbox 695 3880 843 3965; x_wconf 89' lang='lat' dir='ltr'>(inquit),</span> <span class='ocrx_word' id='word_1_296' title='bbox 868 3901 942 3965; x_wconf 80' lang='lat' dir='ltr'>quae</span> <span class='ocrx_word' id='word_1_297' title='bbox 954 3881 1144 3963; x_wconf 78' lang='lat' dir='ltr'>perducendo</span> <span class='ocrx_word' id='word_1_298' title='bbox 1162 3882 1205 3946; x_wconf 83' lang='lat' dir='ltr'>ed</span> <span class='ocrx_word' id='word_1_299' title='bbox 1222 3883 1335 3950; x_wconf 78' lang='lat' dir='ltr'>eulmen</span> 
     </span>
     <span class='ocr_line' id='line_1_35' title="bbox 144 3985 1337 4074; baseline 0.007 -26"><span class='ocrx_word' id='word_1_300' title='bbox 144 3986 226 4069; x_wconf 84' lang='lat' dir='ltr'>operi</span> <span class='ocrx_word' id='word_1_301' title='bbox 249 3986 415 4052; x_wconf 76' lang='lat' dir='ltr'>destinatae</span> <span class='ocrx_word' id='word_1_302' title='bbox 438 3995 541 4072; x_wconf 84' lang='lat' dir='ltr'>eruut,</span> <span class='ocrx_word' id='word_1_303' title='bbox 566 3988 618 4053; x_wconf 80' lang='lat' dir='ltr'>cir</span> <span class='ocrx_word' id='word_1_304' title='bbox 641 3989 675 4051; x_wconf 84' lang='lat' dir='ltr'>ic</span> <span class='ocrx_word' id='word_1_305' title='bbox 688 3987 896 4073; x_wconf 81' lang='lat' dir='ltr'>fundamento</span> <span class='ocrx_word' id='word_1_306' title='bbox 915 3985 1148 4071; x_wconf 66' lang='lat' dir='ltr'>srmpeditoeerc.</span> <span class='ocrx_word' id='word_1_307' title='bbox 1181 3988 1226 4055; x_wconf 85' lang='lat' dir='ltr'>Eo</span> <span class='ocrx_word' id='word_1_308' title='bbox 1244 3990 1337 4074; x_wconf 67' lang='lat' dir='ltr'>magis</span> 
     </span>
     <span class='ocr_line' id='line_1_36' title="bbox 144 4091 1338 4181; baseline 0.006 -25"><span class='ocrx_word' id='word_1_309' title='bbox 144 4091 237 4157; x_wconf 83' lang='lat' dir='ltr'>Fabio</span> <span class='ocrx_word' id='word_1_310' title='bbox 262 4094 485 4180; x_wconf 79' lang='lat' dir='ltr'>(praeterquam</span> <span class='ocrx_word' id='word_1_311' title='bbox 509 4097 589 4180; x_wconf 84' lang='lat' dir='ltr'>quod</span> <span class='ocrx_word' id='word_1_312' title='bbox 610 4095 765 4181; x_wconf 72' lang='lat' dir='ltr'>antiquior</span> <span class='ocrx_word' id='word_1_313' title='bbox 788 4100 844 4172; x_wconf 85' lang='lat' dir='ltr'>eat)</span> <span class='ocrx_word' id='word_1_314' title='bbox 870 4093 1045 4158; x_wconf 80' lang='lat' dir='ltr'>crediderim</span> <span class='ocrx_word' id='word_1_315' title='bbox 1063 4095 1280 4179; x_wconf 68' lang='lat' dir='ltr'>quadringntis</span> <span class='ocrx_word' id='word_1_316' title='bbox 1303 4121 1338 4163; x_wconf 86' lang='lat' dir='ltr'>co</span> 
     </span>
     <span class='ocr_line' id='line_1_37' title="bbox 145 4197 1335 4288; baseline 0.005 -25"><span class='ocrx_word' id='word_1_317' title='bbox 145 4211 227 4263; x_wconf 73' lang='lat' dir='ltr'>sona</span> <span class='ocrx_word' id='word_1_318' title='bbox 250 4200 364 4262; x_wconf 79' lang='lat' dir='ltr'>talento</span> <span class='ocrx_word' id='word_1_319' title='bbox 386 4199 510 4286; x_wconf 82' lang='lat' dir='ltr'>fuisse,</span> <span class='ocrx_word' id='word_1_320' title='bbox 540 4224 625 4286; x_wconf 83' lang='lat' dir='ltr'>quom</span> <span class='ocrx_word' id='word_1_321' title='bbox 657 4201 765 4266; x_wconf 80' lang='lat' dir='ltr'>Pisoni</span> <span class='ocrx_word' id='word_1_322' title='bbox 796 4198 848 4286; x_wconf 82' lang='lat' dir='ltr'>qui</span> <span class='ocrx_word' id='word_1_323' title='bbox 878 4197 1098 4286; x_wconf 71' lang='lat' dir='ltr'>quadringente</span> <span class='ocrx_word' id='word_1_324' title='bbox 1120 4202 1219 4267; x_wconf 82' lang='lat' dir='ltr'>millia</span> <span class='ocrx_word' id='word_1_325' title='bbox 1234 4206 1335 4288; x_wconf 75' lang='lat' dir='ltr'>pondo</span> 
     </span>
     <span class='ocr_line' id='line_1_38' title="bbox 146 4304 1339 4394; baseline 0.008 -27"><span class='ocrx_word' id='word_1_326' title='bbox 146 4304 262 4385; x_wconf 67' lang='lat' dir='ltr'>oraculi</span> <span class='ocrx_word' id='word_1_327' title='bbox 292 4305 419 4390; x_wconf 60' lang='lat' dir='ltr'>aquositas</span> <span class='ocrx_word' id='word_1_328' title='bbox 448 4305 481 4370; x_wconf 84' lang='lat' dir='ltr'>in</span> <span class='ocrx_word' id='word_1_329' title='bbox 514 4330 575 4372; x_wconf 83' lang='lat' dir='ltr'>eom</span> <span class='ocrx_word' id='word_1_330' title='bbox 600 4329 660 4371; x_wconf 83' lang='lat' dir='ltr'>rem</span> <span class='ocrx_word' id='word_1_331' title='bbox 692 4307 827 4372; x_wconf 76' lang='lat' dir='ltr'>scribit·</span> <span class='ocrx_word' id='word_1_332' title='bbox 853 4304 941 4394; x_wconf 79' lang='lat' dir='ltr'>Ergo</span> <span class='ocrx_word' id='word_1_333' title='bbox 965 4305 1197 4394; x_wconf 82' lang='lat' dir='ltr'>quadringenta</span> <span class='ocrx_word' id='word_1_334' title='bbox 1219 4310 1339 4377; x_wconf 84' lang='lat' dir='ltr'>talenta</span> 
     </span>
     <span class='ocr_line' id='line_1_39' title="bbox 146 4411 1339 4499; baseline 0.003 -21"><span class='ocrx_word' id='word_1_335' title='bbox 146 4429 202 4478; x_wconf 74' lang='grc' dir='ltr'>ιιι</span> <span class='ocrx_word' id='word_1_336' title='bbox 237 4415 271 4475; x_wconf 91' lang='lat' dir='ltr'>in</span> <span class='ocrx_word' id='word_1_337' title='bbox 305 4411 513 4478; x_wconf 86' lang='lat' dir='ltr'>fundamenta</span> <span class='ocrx_word' id='word_1_338' title='bbox 543 4413 827 4498; x_wconf 86' lang='lat' dir='ltr'>suppeditaverunt</span> <span class='ocrx_word' id='word_1_339' title='bbox 864 4419 896 4477; x_wconf 90' lang='lat' dir='ltr'>et</span> <span class='ocrx_word' id='word_1_340' title='bbox 929 4434 967 4476; x_wconf 84' lang='lat' dir='ltr'>ex</span> <span class='ocrx_word' id='word_1_341' title='bbox 999 4433 1063 4477; x_wconf 88' lang='lat' dir='ltr'>una</span> <span class='ocrx_word' id='word_1_342' title='bbox 1093 4413 1172 4479; x_wconf 89' lang='lat' dir='ltr'>urbe</span> <span class='ocrx_word' id='word_1_343' title='bbox 1204 4422 1339 4499; x_wconf 91' lang='lat' dir='ltr'>quatuor</span> 
     </span>
    </p>
   </div>
   <div class='ocr_carea' id='block_1_3' title="bbox 0 0 1564 5004">
    <p class='ocr_par' dir='ltr' id='par_1_4' title="bbox 0 0 1564 5004">
     <span class='ocr_line' id='line_1_40' title="bbox 0 0 1564 5004; baseline 0 0"><span class='ocrx_word' id='word_1_344' title='bbox 0 0 1564 5004; x_wconf 95' lang='lat' dir='ltr'> </span> 
     </span>
    </p>
   </div>
  </div>
 </body>
</html>
