3076 5004
734 306 799 378 193

173 504 264 590 quasi
292 499 499 570 Cincinnatus
521 520 622 584 quum
644 500 721 566 heec
745 501 957 567 scriberentur
980 507 1061 569 esset
1084 505 1253 588 superstes.
1299 499 1360 568 Re·

173 610 314 677 vocende
332 611 489 694 scripture
507 605 664 672 librorum
683 608 829 671 omnium
851 607 1054 693 μετειλήφει,
1077 613 1116 675 61
1138 613 1213 674 sunt
1237 610 1359 695 sequio-

173 737 221 782 rcs
241 717 281 782 ed
301 737 395 780 usum
414 713 717 801 plusquamperfecti
736 714 928 798 εθεπίφοροι,
948 715 1008 781 ubi
1025 714 1154 782 Veteres
1174 714 1360 801 imperfecto

174 824 354 890 utebantur.

218 1034 299 1123 Peg.
325 1030 424 1099 2060.
448 1034 474 1097 ci
499 1028 609 1096 ὕπατοι
633 1031 688 1107 risu
710 1032 828 1111 βουλὴν
851 1032 1029 1113 συνήγαγον
1052 1037 1091 1106 ὣς
1116 1034 1182 1116 περὶ
1206 1040 1265 1099 τῶν
1283 1031 1359 1099 ὅλων

175 1139 311 1221 ἔσχατον
333 1144 423 1205 τοῦτο
446 1136 672 1217 βουλευόμενοι.
718 1137 857 1204 Putidus
880 1160 965 1206 error
987 1160 1044 1225 pro
1066 1139 1317 1219 ssovtsvcdccsccc.

219 1353 300 1440 Peg.
327 1348 428 1416 2062.
461 1347 575 1433 καλίν,
600 1346 621 1414 ὦ
647 1348 826 1429 Οὐεργίνιε,
851 1348 903 1415 καὶ
929 1350 1088 1428 θαυμαςδν
1112 1350 1198 1433 ἔργον
1222 1347 1362 1431 ἕξειργοί·

173 1459 268 1523 σασθε
293 1454 526 1526 διασπάσαντες
548 1453 611 1519 οὶπδ
635 1462 691 1528 τῆς
714 1456 831 1534 βουλῆς
855 1455 907 1520 πδν
926 1457 1031 1536 δῆμον.
1065 1457 1169 1523 Periit
1186 1457 1362 1524 necessarie

171 1563 304 1642 rocula,
329 1583 425 1649 quem
449 1582 543 1627 nemo
562 1558 757 1627 Graecorum
774 1564 809 1626 in
828 1563 1050 1629 huiuscemodi
1068 1566 1188 1630 ironice
1206 1564 1360 1630 derisione

172 1671 313 1737 omittit:
335 1667 431 1733 καλθν
451 1677 520 1747 ΓΘ,
543 1662 564 1731 ὦ
585 1667 759 1748 Οὐεργίνιε,
781 1669 846 1733 κτὲ.
869 1690 944 1757 pag.
967 1668 1065 1738 1578.
1086 1670 1186 1746 καλήν
1206 1679 1258 1736 ΓΕ
1271 1668 1362 1747 δόξαν

172 1775 246 1842 οίσει
269 1799 320 1854 μοι
345 1774 432 1854 παροδ
456 1777 552 1838 πᾶσιν
575 1772 736 1855 ἀνθρώποις
761 1776 933 1852 γνωσθεῖσα
958 1779 975 1852 ἡ
1000 1777 1262 1858 παλιμπροδοσία.

217 1971 299 2060 Peg.
325 1969 424 2036 2063.
449 1969 478 2035 εί
500 1994 547 2041 τις
571 1965 633 2051 ι’ίρα
656 1969 719 2042 θεὸς
743 1970 907 2035 ἐπισκοπεῖ
924 1970 993 2044 τοὺς
1014 1971 1130 2044 καλοὺς
1150 1970 1203 2037 καὶ
1227 1969 1361 2042 δικαίους

175 2080 300 2158 ἀγῶνοις
325 2078 378 2142 καί
404 2080 420 2152 ἡ
445 2078 499 2151 τὴν
523 2073 615 2140 πθλιν
636 2075 725 2150 τήνδε
750 2075 887 2153 αὔξουσα
910 2076 995 2158 τείχη
1022 2077 1073 2164 [εί]
1094 2078 1187 2155 μήπω
1209 2075 1363 2156 προλέλοι-

173 2210 229 2250 πεν
253 2184 361 2259 αὐτήν.
409 2182 497 2249 Μ616
520 2183 694 2266 repetitum
718 2183 743 2246 εί
767 2183 936 2249 verborum
961 2186 1148 2270 compositio
1167 2185 1306 2269 respuit,
1328 2188 1361 2250 et

175 2293 295 2376 optime
319 2290 489 2356 Ohisienus
512 2287 593 2352 liber
612 2288 747 2353 omittit.

217 2470 301 2558 Peg.
334 2466 434 2533 2063.
467 2468 518 2533 τδν
549 2464 695 2532 οίποίντυν
726 2464 867 2546 κροίτιςον
899 2466 1028 2534 θοίνατον
1050 2468 1240 2552 αίρνσθμεθα
1262 2482 1359 2540 ΠΕΡΙ

173 2585 226 2652 τῆς
252 2575 413 2657 πατρίδος,
435 2573 615 2657 ροοριοθνὶο
638 2573 742 2638 idest
766 2576 883 2639 ‘mer
905 2583 961 2648 τῆς
985 2577 1139 2656 πατρίδος.

216 2682 255 2747 16
286 2703 351 2766 sqq.
382 2681 469 2757 ὑμεῖς
495 2679 527 2744 δὲ
550 2681 645 2744 αὐτοῦ
669 2679 810 2756 μένοντες
835 2681 995 2760 οίκουρεῖτε
1019 2679 1090 2759 ίίμα
1113 2692 1184 2757 ταῖς
1208 2685 1359 2763 γυναιξίν.

172 2787 357 2856 Flosculum
389 2786 544 2870 decerpsit
576 2806 614 2850 er
645 2783 807 2851 Herodoto
838 2785 908 2850 VII.
939 2785 991 2852 11.
1016 2789 1071 2853 καί
1092 2813 1138 2853 τοι
1165 2788 1284 2867 ταύτην
1305 2792 1360 2866 τὴν

173 2893 300 2974 οὶτιμίκν
325 2892 560 2971 προστίθημι-
575 2893 669 2956 αὐτοῦ
695 2889 796 2969 μένειν
815 2890 887 2969 ἅμα
909 2901 980 2974 τῇσι
1003 2895 1135 2972 γυναιξί.

218 2999 345 3066 Oblitus
376 3018 449 3061 sum
480 3018 576 3081 supro
605 2996 744 3062 indicere
773 2995 929 3064 Herodoti
959 2997 1082 3078 locum,
1111 3002 1195 3068 unde
1226 3003 1361 3093 vulgate

171 3107 256 3194 apud
278 3106 472 3191 Dionysium
495 3102 591 3169 lectio
614 3103 776 3169 emendari
800 3102 902 3169 debet.
949 3103 1061 3190 lteque
1087 3106 1122 3171 id
1143 3129 1227 3173 nnnc
1249 3114 1361 3196 paucis

172 3232 336 3298 erponem.
385 3209 501 3275 Editur
531 3208 616 3294 apud
643 3209 835 3296 Dionysium
865 3230 939 3298 pag.
969 3208 1042 3277 474.
1070 3213 1193 3280 ἱκετεύω
1219 3215 1250 3281 δὲ
1274 3219 1358 3296 ὑμᾶς

172 3317 329 3399 οὶπθρρντα
364 3315 550 3390 ποιήσασθαι
586 3318 610 3379 εί
647 3317 691 3392 μή
726 3340 769 3393 με
804 3315 1011 3395 διεργοίσεσθε.
1068 3314 1258 3405 Comparate
1291 3322 1361 3391 1666

171 3424 327 3490 Herodoti
349 3423 407 3489 IX.
433 3420 487 3486 45.
508 3421 686 3500 παραθήκην
708 3424 779 3502 ὑμῖν
800 3424 843 3487 τοὶ
863 3421 939 3488 ἔπεα
961 3423 1036 3488 ποίδε
1057 3424 1182 3502 τίθεμαι
1201 3429 1360 3508 οίπίρρντα

172 3529 348 3608 ποιεύμενος
385 3528 456 3608 πρὸς
491 3526 609 3604 μνδθνα
645 3528 749 3606 λέγειν
785 3527 882 3594 ἄλλον
913 3532 930 3607 ἢ
963 3532 1141 3605 Παυσανίαν
1171 3536 1216 3609 μοί
1239 3558 1281 3612 με
1305 3538 1358 3602 καὶ

172 3636 386 3718 διαφθείρητε,
420 3635 557 3721 emergit
584 3653 660 3699 vers
682 3632 793 3700 lectio:
816 3673 858 3684 -
872 3637 1056 3711 restructas
1079 3635 1128 3703 ίνα
1152 3642 1196 3715 μή
1220 3665 1262 3719 με
1287 3642 1360 3723 διερ-

171 3743 323 3825 ydoneis.

216 3921 296 4009 Peg.
331 3917 432 3984 2064.
468 3917 540 3996 ὑμῖν
574 3919 605 3984 δὲ
641 3926 704 3992 τοῖς
739 3920 1006 3998 ε’γκαταλείπουσι
1037 3923 1090 3989 καὶ
1123 3910 1291 4005 προδιδοῦσι
1322 3929 1358 3994 τὸ

172 4026 265 4094 κοινδν
298 4023 360 4102 ι’ίξει
393 4026 459 4100 δίκη
492 4025 620 4104 τιμωρὸς
652 4028 685 4091 οὐ
715 4029 847 4103 μεμπτὴ
877 4028 962 4109 παρὰ
990 4031 1072 4095 θεῶν.
1130 4018 1357 4100 scribendum:

172 4136 422 4213 ἐγκαταλιποῦσι
459 4131 510 4196 καὶ
543 4133 680 4211 προδοῦσι
713 4133 747 4197 τὸ
778 4132 881 4198 κοινθν.
907 4141 978 4217 poet
1008 4143 1188 4223 perpetrate
1222 4141 1360 4208 facinore

172 4241 314 4308 vindicte
336 4240 435 4305 venit.

217 4418 297 4505 1³⁸8·
328 4414 427 4483 2055·
460 4419 492 4482 οὗ
525 4418 588 4500 201
616 4418 720 4485 ἬΛΗ
743 4417 914 4501 13106θρ016
939 4418 996 4498 μέν
1019 4427 1308 4504 τισι-Ῥωμαίοις
1333 4429 1360 4497 δ’

272 4537 340 4573 6166.
360 4538 419 4572 nen.
1186 4535 1216 4579 13
