3076 5004
798 251 863 338 nc

280 441 418 514 Nullum
450 450 498 510 est
528 445 662 510 verbum
694 441 874 520 Graecum,
901 446 992 509 cuius
1015 446 1049 509 in
1071 444 1174 509 forma
1197 444 1303 509 activa
1326 442 1431 508 simul

235 556 359 640 primus
390 558 423 618 et
453 552 610 618 secundus
641 553 777 616 aoristus
806 553 841 614 in
869 572 931 615 usu
965 554 1015 615 sit.
1065 549 1141 616 Sero
1174 553 1242 616 nati
1275 547 1431 615 Graeculi

234 663 414 745 promiscue
449 659 596 723 dicebant
627 655 790 722 ἔλιπον-
812 656 940 739 ἐλειφα,
976 657 1098 735 ἤγαγον
1118 695 1158 707 --
1177 653 1252 733 ἦξα,
1289 652 1428 735 ἥμαρτον

237 804 278 816 -
293 766 461 846 άμάρτνσα
486 775 517 830 et
541 767 613 829 sim.

279 872 317 939 Iu
339 873 464 957 passiva
488 872 590 936 forma
603 873 669 939 ,uhi
693 873 849 936 aoristum
872 871 1047 936 secundum
1070 873 1104 935 in
1127 891 1188 934 usu
1211 890 1278 935 esse
1302 875 1431 936 constat

234 986 408 1059 τραφῆναι,
440 985 594 1061 ςαλῆναι,
620 982 760 1059 ταφῆναι
785 982 878 1043 caett.
901 976 1025 1042 videbis
1048 975 1131 1041 solos
1153 981 1263 1061 poetas
1286 978 1430 1064 tragicos

234 1085 460 1174 grandiloquos
492 1090 525 1148 et
555 1083 703 1170 vulgaria
733 1085 872 1150 vitantes
904 1083 1074 1164 θαφθῆναι,
1107 1083 1269 1162 θρεφθῆναι
1301 1090 1427 1160 καλῶς,

234 1197 381 1265 ςαλθῆναι
415 1196 448 1256 et
476 1192 546 1254 sim.
577 1191 689 1255 dicere.
739 1188 802 1269 Qui
825 1195 961 1253 utuntur
984 1209 1128 1254 sermone
1152 1189 1290 1274 pedestri
1314 1195 1347 1255 et
1371 1210 1429 1276 po·

233 1300 338 1389 pulcri
360 1298 474 1386 lingua
497 1302 625 1363 servant
648 1318 758 1363 omnes
781 1297 888 1382 legem
913 1317 1009 1381 quam
1034 1296 1187 1360 diximus.

279 1510 360 1599 Pag.
392 1507 491 1576 1784.
524 1511 540 1583 ἦ
573 1509 671 1586 βουλὴ
697 1508 878 1587 ἐψηφίσατο
903 1506 1031 1588 σρισσάς
1054 1506 1259 1587 testatem
1283 1506 1429 1586 ςρασιάς.

234 1615 376 1681 Verbum
400 1615 581 1697 ψηφίζομαι
607 1620 639 1680 et
661 1617 770 1679 omnia
792 1614 889 1680 verba
910 1615 1060 1678 statuendi
1083 1618 1116 1680 et
1139 1614 1316 1678 decernendi
1339 1616 1429 1680 futu·

233 1743 307 1787 rum
329 1728 493 1808 respuunt.
540 1720 728 1808 Legendum
752 1719 938 1800 ἐκπέμψΑΙ.

279 1933 489 1998 Manifestum
522 1938 570 1997 est
592 1932 751 2017 putidum
783 1931 941 1997 emblema
962 1955 1034 2020 pag.
1062 1930 1159 1999 1785.
1186 1929 1368 2009 ἠναγκάσθη
1384 1971 1427 1982 -

238 2041 349 2117 μακέτι
373 2049 483 2120 χωρεῖν
508 2037 600 2117 θμθσε
626 2047 687 2109 σοῖς
711 2041 889 2115 πολεμίοις,
914 2042 989 2103 άλλ’
1013 2041 1043 2104 έν
1066 2042 1107 2120 τῷ
1131 2039 1249 2120 χάρακι
1270 2038 1430 2115 ὑπομένων

238 2147 474 2227 ἀκροβολισμοῖς
507 2146 558 2210 καὶ
591 2151 689 2224 ψιλῶν
720 2153 919 2222 συμπλοκαῖς
943 2144 1096 2226 διαφέρειν
1122 2144 1230 2230 [ἔγνω]
1255 2145 1305 2210 τὸν
1331 2143 1429 2211 πέλε-

234 2277 301 2332 μον.
334 2253 417 2338 quod
449 2253 621 2318 ostendisse
648 2254 725 2318 satis
749 2257 807 2316 est.
856 2251 899 2316 st
921 2260 1031 2332 χωρεῖν
1054 2257 1086 2319 et
1110 2250 1264 2332 διαφέρειν
1287 2253 1430 2337 pendent

233 2383 273 2430 ex
298 2361 392 2428 verbo
416 2358 610 2438 ἠναγκάσθη.

278 2573 359 2660 Peg.
385 2567 483 2638 1787.
509 2569 702 2648 ἁβροδίαιτον
725 2570 788 2650 γάρ
812 2570 848 2644 δὴ
872 2569 924 2635 καὶ
951 2572 1119 2640 πολυτελές
1138 2571 1172 2636 τὸ
1192 2577 1251 2635 πῶν
1268 2578 1427 2651 Τυρρηνῶν

234 2678 312 2752 ἔθνος
346 2671 379 2751 ἦν
410 2675 481 2741 οἴκοι
514 2701 548 2740 πε
582 2677 633 2739 καὶ
668 2675 718 2740 ἐπὶ
749 2675 962 2756 ςραποπέδΟΤ
995 2677 1251 2755 ’Τπεραγάαενον
1285 2676 1340 2754 ἐξω
1366 2686 1426 2744 πῶν

232 2784 414 2862 άναγκαθων
437 2780 572 2847 πλοθτον
596 2807 630 2846 πε
655 2782 707 2847 καὶ
731 2782 846 2863 τέχνης
870 2779 948 2863 ἔργα
972 2791 1116 2848 παντοῖα.
1165 2783 1246 2849 Vera
1269 2787 1428 2871 scriptura

233 2898 282 2959 est
304 2900 572 2968 ΠΕΡΙαγΟριενον
588 2929 627 2937 -
642 2889 776 2954 πλοθσον
799 2914 835 2952 σε
860 2889 912 2954 καὶ
933 2890 1047 2970 σε’χνκς
1068 2888 1147 2969 έργα
1167 2899 1311 2955 παντοῖα.
1347 2891 1426 2958 Pro·

234 3001 343 3085 prium
373 3001 408 3062 in
434 2996 493 3061 tali
513 3018 545 3062 re
567 2998 702 3063 verbum
728 3002 776 3060 est
800 2994 1014 3074 περιάγεσθαι.
1061 2995 1238 3081 Xenophon
1262 2997 1425 3062 Μοοοοκαθ.

233 3105 259 3171 Ι.
287 3104 318 3173 7.
343 3104 374 3170 2.
400 3103 509 3178 σκειιάν
533 3128 569 3167 σε
593 3105 692 3174 καλὴν
716 3102 880 3176 κέκτηνται
904 3088 1163 3175 καὶ’άκολοθθοως
1188 3104 1318 3174 πολλοὺς
1344 3128 1426 3184 περι-

233 3211 375 3292 άγονσαι.
428 3210 534 3292 Οροορ.
567 3208 607 3273 ΙΙ.
644 3206 675 3271 2.
710 3207 763 3272 28.
793 3209 978 3287 περιάγθΙΟ
1000 3213 1088 3273 τοῦτο
1112 3209 1147 3273 τὸ
1169 3208 1343 3291 μειράκιον,
1368 3213 1428 3278 ubi

233 3317 390 3400 περιάγθῑ
426 3316 639 3382 scribendum.
674 3314 739 3379 vid.
775 3316 920 3379 Μαοκοοε.
961 3313 1058 3384 1875.
1095 3338 1168 3404 pag.
1206 3315 1282 3381 386.
1329 3319 1427 3403 Apud

232 3424 482 3491 Demosthenem
516 3422 622 3486 editur
653 3440 725 3506 pag.
761 3419 837 3485 958.
872 3419 925 3485 15.
959 3422 1011 3486 καὶ
1045 3426 1149 3486 ταῦτα
1184 3424 1309 3499 γυναῖκ’
1344 3421 1427 3503 έχων

233 3540 328 3604 ποιεῖς
359 3529 411 3594 καὶ
443 3536 523 3609 τρεῖς
549 3526 668 3597 παῖδας
692 3526 872 3596 άκολοθθονς
897 3526 1082 3606 περιάγΕΙΟ
1108 3527 1160 3592 καὶ
1185 3527 1239 3609 ζῇς
1263 3531 1425 3606 άσελγως,

233 3639 290 3704 ubi
326 3634 483 3716 περιάγθῐ
519 3654 632 3700 verum
667 3637 723 3697 est.
771 3633 897 3699 Addam
932 3633 1171 3719 lepidissimum
1206 3635 1428 3723 fragmentum

234 3745 361 3831 Epinici
384 3741 469 3828 apud
488 3739 604 3806 Athen.
625 3760 700 3826 pag.
722 3738 797 3807 497.
812 3765 856 3816 α,
878 3745 916 3805 ut
935 3740 1043 3826 paullo
1066 3741 1264 3806 emendatius
1282 3741 1424 3806 reddam.

232 3851 369 3938 Legitur
387 3850 422 3912 in
441 3849 536 3912 unico
556 3842 689 3911 Codice:
712 3845 756 3914 έςι
777 3849 802 3912 δ’
824 3847 954 3928 ἐλέφας.
976 3848 1154 3926 ἐλέφαντας
1177 3847 1318 3927 περιάγει
1339 3847 1427 3928 ρ’νπθν

234 3961 394 4038 χωροῦντα
426 3953 476 4018 δύο
507 3949 590 4031 χέας
623 3950 652 4019 ὃν
677 3954 737 4019 οὐδ’
765 3953 803 4018 άν
828 3953 947 4033 ἐλέφας
973 3953 1070 4018 ἐκπίοι
1094 3955 1154 4031 ἐγὼ
1179 3959 1267 4018 τοῦτο
1291 3953 1427 4019 πέπωκα

234 4060 399 4132 πολλάκις.
431 4057 513 4124 οὐδὲν
545 4059 715 4140 ἐλέφαντος
747 4060 811 4140 γάρ
835 4059 990 4141 διαφέρεις
1014 4060 1079 4125 οὐδὲ
1104 4060 1152 4124 σθ.
1179 4081 1259 4146 quae
1282 4061 1368 4127 hunc
1391 4064 1427 4127 in

232 4170 367 4236 modum
391 4165 634 4252 redintegranda
659 4187 725 4232 esse
749 4167 903 4232 arbitror:

405 4268 461 4340 ’έςι
486 4273 511 4336 δ’
537 4271 668 4354 ἐλέφας.
691 4285 722 4338 Β.
751 4273 797 4358 (σι’
820 4276 881 4356 φάς
893 4281 919 4355 ;)
945 4273 1106 4349 ἐλέφαντα
1129 4273 1305 4355 περιάγΕΙ;

348 4389 387 4444 Α.
412 4381 497 4460 ῥυσὸν
520 4379 591 4460 (μὲν
615 4374 676 4469 οὖν)
701 4385 818 4462 χωροῦν
842 4381 894 4448 δύο
918 4380 1011 4461 χθας.
1035 4384 1081 4468 (Β.
1107 4379 1269 4464 Ἡράκλεις
1279 4379 1300 4468 i)
