3076 5004
809 296 874 367 144

246 497 294 560 est
325 494 360 557 in
392 512 429 557 ee
457 513 492 557 rs
523 490 590 571 περὶ
616 489 724 556 ἑαυτὸν
750 488 848 570 ἔχων,
875 492 902 555 si
925 490 997 575 quis
1020 491 1152 555 armetis
1173 488 1359 557 hominibus
1382 491 1442 557 eut

247 599 441 667 satellitibus
463 601 600 686 stipatus
620 604 677 664 eet.
714 600 792 679 Παρ’
812 599 910 678 ἑαυτῷ
931 602 979 663 est
997 598 1080 681 ορκοί
1097 619 1128 661 εκ
1146 597 1181 662 id
1199 602 1247 662 est
1263 597 1440 669 demissae.

291 811 373 899 Peg.
411 808 508 875 1409.
538 808 727 886 καλούμενος
760 807 811 872 ἐπὶ
840 809 895 881 τὴν
918 809 1017 888 οίρχίρν
1042 810 1126 885 ἡμῶν
1150 809 1203 873 οθκ
1228 809 1358 893 οίποιντᾷ
1383 809 1439 875 καὶ

246 924 309 991 τοῖς
335 916 555 994 ὑπηρέταις-
569 916 698 994 πλαγίας
723 915 908 996 ἐντρίβεται.
944 914 1130 981 Flosonlum
1154 935 1193 980 ex
1216 915 1442 1000 Aristophanis

245 1023 346 1091 hortis
370 1024 525 1109 decerpsit
548 1023 721 1111 Dionysius
744 1044 783 1087 ex
806 1021 966 1108 Εραίίίθαο
988 1041 1036 1088 vs.
1061 1020 1093 1086 4.

495 1127 529 1205 ἐξ
551 1126 585 1194 οὗ
608 1130 671 1208 γὰρ
697 1130 868 1207 εἰσήρρησεν
891 1128 935 1200 είς
959 1132 1014 1204 τὴν
1039 1128 1136 1193 οίκίαν

493 1235 623 1313 πλαγίας
648 1235 696 1300 aiei
723 1234 942 1313 προστρίβεται
968 1241 1032 1306 τοῖς
1055 1233 1199 1305 οίκὲταις.

290 1343 353 1410 Sed
383 1363 446 1407 non
476 1344 667 1408 meminerat
695 1341 931 1422 προστρίβεσθαι
955 1341 1084 1420 πληγείς
1108 1363 1171 1408 non
1195 1363 1262 1408 esse
1285 1340 1439 1421 τύπτειν,

245 1451 300 1518 sed
330 1451 433 1525 facere
455 1456 488 1512 αθ
511 1450 630 1532 vapulet
654 1449 767 1535 aliquis
790 1447 1013 1514 calumniando
1037 1448 1180 1515 servulos
1204 1449 1288 1534 apud
1309 1449 1439 1515 herum.

245 1557 442 1638 Προοτρίβειν
471 1562 502 1622 et
532 1556 680 1633 ε’ντρίβειν
716 1554 889 1633 κονδύλους,
929 1555 1058 1634 πληνοίρ
1095 1561 1127 1622 ot
1162 1557 1233 1621 sim.
1271 1575 1307 1621 eo
1343 1576 1442 1622 sensu

244 1686 340 1751 quem
363 1664 452 1730 locus
475 1662 616 1747 postulat
639 1662 819 1727 dicendum.

289 1876 368 1962 Peg.
395 1871 493 1939 1410.
517 1873 559 1939 τοὶ
580 1873 636 1950 μὲν
657 1874 711 1950 ἤδη
732 1872 914 1947 πεπονθότες
928 1913 968 1924 -
982 1875 1026 1939 τοὶ
1045 1875 1077 1941 δὲ
1092 1912 1133 1925 -
1154 1873 1261 1955 παρὰ
1286 1872 1442 1954 σχεδὸν

246 1982 383 2053 ἐλθόντες
417 1983 536 2044 παθεῖν.
582 1978 794 2047 scribendum
821 2002 883 2046 uno
906 1983 1003 2047 verbo
1027 1981 1224 2062 παρασχεδόν
1232 2030 1241 2059 ,
1265 1986 1303 2047 nt
1323 1982 1359 2046 in
1382 2003 1441 2046 ex-

244 2091 359 2174 cerptis
380 2086 457 2152 libri
480 2085 552 2151 XII.
579 2107 651 2174 pag.
680 2085 755 2151 182.
779 2086 897 2153 Kiessl.
922 2088 1122 2168 παρασχεδὸν
1145 2090 1235 2154 εἰιθθιν
1260 2087 1440 2152 οίποθανεῖν.

243 2196 375 2261 Probati
398 2195 565 2276 scriptores
589 2193 734 2258 dicebant
758 2195 844 2272 παρα
868 2193 972 2272 μικρὸν
996 2194 1096 2259 trodo.

287 2301 366 2367 Post
398 2317 513 2385 penca:
547 2299 596 2364 ἐπὶ
629 2299 712 2373 δίκαν
745 2301 838 2366 αὑτὸν
868 2303 1108 2379 προκαλούμενοι
1141 2304 1262 2387 optime
1293 2299 1439 2369 Grimm.

243 2407 426 2474 emendavit
457 2405 756 2487 npocrrxrodosvor,
789 2407 873 2492 qnod
904 2408 1038 2473 verbum
1068 2411 1160 2474 inea
1184 2429 1218 2473 re
1241 2407 1382 2475 solemne
1405 2412 1441 2473 et

243 2521 367 2580 eertum
398 2518 456 2578 est.
503 2511 639 2600 Legitur
669 2520 777 2578 tamen
808 2517 934 2598 saepius
965 2517 1000 2579 in
1032 2514 1181 2602 Dionysii
1207 2515 1299 2581 libris
1322 2537 1437 2593 προκα·

242 2623 362 2686 λεῖοθαι
395 2624 427 2684 et
459 2617 708 2699 προύκαλέσαντο
744 2619 795 2685 ἐπί
827 2620 928 2704 δίκαν,
960 2621 1015 2686 sed
1050 2623 1158 2687 omnio
1192 2621 1268 2686 haec
1304 2621 1442 2707 perinde

242 2727 395 2794 mendose
418 2746 485 2792 esse
507 2725 666 2791 videntur.

288 2939 368 3024 Pag.
407 2935 508 3002 1411.
546 2935 758 3018 ἡμαρτηκότος
792 2937 1062 3018 λαβὲ-σχῆμα
1097 2935 1240 3001 ταπεινὸν
1275 2934 1434 3023 [ἐλεεινὸν]

241 3040 299 3111 οἷον
329 3048 514 3110 ἀπαιτοῦσιν
536 3044 569 3109 αἱ
594 3042 762 3127 συμφοραί.
811 3042 871 3109 Vel
894 3043 1068 3131 asyndeton
1091 3045 1199 3132 arguit
1222 3041 1392 3108 emblema.

287 3256 365 3343 Peg.
412 3251 510 3319 1412.
553 3255 594 3318 rai
631 3254 697 3333 περί
733 3254 788 3328 τὴν
823 3253 993 3318 σιτοδοσίαν
1027 3253 1164 3337 ἔναγχος
1203 3257 1270 3341 [τοῦ
1306 3253 1431 3344 χρόνον]

243 3359 514 3444 προσκρούσματα.
561 3360 717 3448 Expungo
754 3363 806 3424 τοῦ
841 3360 949 3440 χρόνον
981 3362 1064 3447 quod
1095 3369 1127 3427 et
1157 3364 1264 3447 inepte
1287 3360 1436 3442 παρέλκει

241 3489 343 3555 neque
367 3489 404 3534 er
430 3464 566 3547 ἔναγχος
590 3467 725 3553 pendere
747 3472 862 3551 potest.
899 3467 1007 3534 Etiam
1032 3467 1111 3534 alibi
1134 3468 1173 3534 ed
1193 3466 1330 3550 ἔναγχος
1350 3468 1437 3534 male

242 3575 387 3641 adhaesit
409 3577 463 3639 τοῦ
486 3572 606 3653 χρόνον.

288 3788 369 3874 Peg.
397 3783 493 3851 1413.
518 3782 570 3850 καί
596 3783 711 3850 δεῖσθαι
735 3793 830 3850 ΜΕΝ
855 3789 913 3850 τῶν
938 3783 1127 3860 θναοτῶν-
1142 3779 1224 3849 οὗτοί
1246 3793 1298 3850 ΓΕ
1317 3782 1435 3857 ποίντες

241 3893 325 3959 οὐδὲν
357 3893 485 3971 αίσχρθν
518 3887 593 3956 εἶναι
626 3892 797 3977 νομίζοντι,
829 3893 867 3957 σὺ
900 3900 957 3956 ΔΕ
988 3890 1025 3955 δι’
1057 3892 1208 3973 αίσχθννς
1243 3891 1434 3968 λαριβοίνεις.

241 3999 314 4068 Non
344 4004 392 4065 est
422 3999 479 4074 μέν
510 4016 567 4063 suo
589 3997 660 4064 loco
683 4001 837 4085 positum.
885 3999 1084 4083 Transpone:
1109 3996 1161 4060 καὶ
1186 3996 1303 4062 δεῖσθαί
1326 4007 1379 4062 ΓΘ
1394 4035 1435 4047 -

242 4103 322 4174 οὗτοι
346 4113 442 4171 ΜΕΝ
467 4100 606 4178 ἅπαντες
632 4107 696 4171 κτὲ.
746 4105 878 4172 Δεῖσθαί
900 4129 940 4183 νε
964 4111 1011 4170 est
1035 4107 1069 4168 in
1092 4103 1185 4169 libris
1209 4104 1366 4169 omnibus.

287 4317 367 4404 Peg.
400 4311 499 4379 1413.
536 4315 560 4380 εί
594 4315 646 4381 καί
680 4314 918 4391 naiores-ineis
950 4313 1132 4394 ἀνεδέχεσθε
1165 4313 1216 4380 τὸν
1241 4315 1315 4394 ὑπὲρ
1339 4316 1435 4382 αὑτοῦ

244 4421 380 4503 πόλεμον
413 4421 656 4508 [doctitanter]
702 4422 801 4490 Nullo
833 4422 928 4489 modo
964 4423 1165 4506 ψηφίσασθαι
1200 4421 1307 4488 locum
1339 4444 1435 4490 sunm
