3076 5004
765 272 768 277 ’
798 293 862 366 rao

283 483 364 571 Peg.
399 477 496 547 1230.
527 481 599 566 ὅπερ
630 484 748 558 Ἰούνιος
781 486 921 561 ἕποθησεν
943 483 1036 559 οὕτως
1063 496 1128 552 ΕΙΟ
1150 487 1267 567 μακρὸν
1292 487 1429 565 ἕκμηκθ·

239 613 294 654 νυν
323 587 440 670 χρόνον.
486 588 698 658 Scribendum
728 593 864 658 odrocel
897 596 931 680 (1.
946 615 972 660 e.
1005 594 1117 674 οὑτοσί)
1151 596 1194 665 εἰς
1216 593 1335 672 μακρθν
1359 595 1428 662 ard.

238 693 403 760 Sententia
431 697 517 760 enim
550 698 650 763 οὑτοσθ
679 698 821 784 postulat
849 705 882 765 et
912 701 1096 785 saepissime
1126 700 1210 785 apud
1232 699 1428 787 Dionysium

239 801 358 879 οθτοσθ,
383 801 486 881 τουτί,
510 803 661 869 ταυτί-σθ
684 807 756 870 sim.
781 825 800 870 a
823 807 934 872 soribis
957 805 1126 872 obliterato
1149 805 1282 873 ridebis.

282 1021 364 1107 Peg.
401 1014 499 1082 1232.
525 1014 595 1096 οὐχ)
619 1020 724 1081 ταῦτα
747 1015 851 1095 μέντοι
875 1017 918 1081 τοὶ
942 1017 1135 1092 διαςθσαντα
1157 1019 1239 1096 ὑμῶς
1259 1017 1337 1086 ἯΝ
1362 1019 1429 1086 atat

235 1133 295 1194 τῶν
326 1123 493 1203 πατρικθοον
521 1122 573 1186 καὶ
606 1124 718 1188 τούτων
752 1124 776 1187 εἰ
813 1122 942 1203 τύχοιτε
974 1125 1115 1203 ἀποχρῆν
1140 1126 1210 1202 ὑμῖν
1235 1129 1347 1192 ΟΙεσθε
1372 1127 1427 1192 καὶ

238 1233 354 1304 οθδενθς
386 1229 485 1297 ἄλλον
517 1227 701 1313 Ὀρθγεσθε;
733 1228 890 1314 Loquitur
913 1230 952 1294 de
975 1230 1033 1296 illo
1056 1238 1198 1316 tempore
1222 1233 1304 1317 qnod
1328 1254 1429 1298 seres-

238 1344 360 1407 sionem
391 1338 571 1422 praecessit.
620 1336 732 1421 Itaque
763 1334 854 1416 ᾤεσθε
885 1341 917 1401 et
949 1335 1094 1415 ὠρέγεσθε
1117 1358 1228 1403 verum
1253 1344 1318 1422 est,
1342 1340 1430 1425 qnod

237 1446 423 1516 antecedens
447 1439 480 1518 ἦν
502 1442 688 1529 planissime
711 1440 894 1519 confirmat,
915 1447 947 1508 et
970 1444 995 1508 εἰ
1015 1443 1143 1523 τύχοιτε
1163 1464 1219 1528 pro
1240 1443 1273 1520 ἢν
1291 1447 1426 1526 τθχητε.

279 1659 358 1748 Prg.
391 1655 489 1722 1232.
520 1660 572 1722 τοῦ
597 1655 628 1720 δὲ
653 1653 874 1732 μένειν-καὶ
901 1652 1164 1735 ἐξενεχθήσεσθαι.
1211 1653 1356 1722 Solemni
1379 1677 1429 1722 er·

235 1788 304 1834 rore
328 1785 384 1852 pro
407 1772 509 1843 μενεῖν
531 1784 697 1849 perperam
719 1782 866 1849 praesens
889 1760 1102 1827 substitutum
1125 1766 1184 1828 est.

278 1975 359 2063 Peg.
392 1972 491 2039 1234.
523 1972 585 2038 εἴτε
619 1970 742 2043 ποθντας
774 1969 896 2048 οὲξιοῶτε
930 1972 1000 2044 τοὺς
1032 1973 1328 2053 ’θΠΙγραφομένους
1359 1983 1425 2047 τοῖς

237 2080 391 2162 δόγμασιν
416 2081 535 2160 θμνθειν
562 2081 645 2158 ὑμῖν.
682 2078 847 2144 Senatores
870 2081 926 2164 qni
952 2079 1102 2144 dieantur
1124 2083 1158 2143 in
1177 2078 1252 2146 Seto
1271 2081 1427 2147 οονθθοαοθο

235 2189 373 2276 adfuisse
405 2209 467 2254 non
499 2187 728 2266 ἐπιγράφονται
760 2187 801 2266 τῷ
833 2185 991 2265 δόγματι,
1023 2186 1078 2251 sed
1101 2187 1361 2265 ἘΓγροθφονται,
1385 2192 1427 2254 ut

234 2293 342 2383 pauno
383 2300 455 2361 ante
491 2295 517 2360 οἱ
550 2292 642 2358 ῶλλοι
677 2293 846 2369 βουλευταὶ
881 2287 940 2357 ὅσοι
972 2293 1014 2374 τῶ
1039 2294 1226 2376 ψηφίσματι
1250 2292 1427 2375 οννεγγροθ-

233 2404 397 2487 φύσονται.

276 2613 356 2702 Peg.
394 2608 492 2677 1234.
523 2609 599 2688 μίαν
629 2610 720 2676 εἰπὼν
751 2609 795 2676 ἔτι
827 2611 882 2685 τῶν
906 2609 975 2677 οὔτε
997 2611 1202 2690 ἀγνοουμένην
1227 2608 1280 2676 ὑπ’
1306 2609 1425 2687 οὐδενὸς

232 2721 390 2800 ῶνθρῶποιν
422 2718 492 2782 οὔτε
516 2717 816 2797 ἀμφισβητουμένην
839 2716 1012 2795 παύσομαι.
1059 2717 1107 2782 Ex
1131 2719 1172 2782 iis
1196 2737 1276 2802 qnae
1298 2737 1426 2802 praece·

233 2828 313 2893 dunt
336 2824 423 2893 facili
445 2826 574 2912 negotio
597 2822 780 2910 suppletur:
805 2828 881 2900 μίαν
907 2821 1018 2912 (τίειν)
1044 2822 1134 2889 εἰκῶν
1158 2819 1215 2890 ἔτι.

276 3037 355 3124 Peg.
392 3033 479 3100 1234
524 3035 556 3100 τθ
585 3033 616 3100 δὲ
643 3031 754 3110 λθγους
784 3033 925 3111 πονηροὺς
950 3031 1085 3112 λέγομεν
1109 3034 1216 3115 κθθςῶ
1239 3031 1426 3114 πράγματα

231 3141 356 3224 ἔχοντες
386 3144 416 3206 ε’ν
445 3139 561 3221 χερσθν.
608 3139 658 3205 Ex
684 3137 846 3205 Herodoto
876 3138 945 3210 Vll.
976 3137 1030 3206 47.
1056 3142 1134 3220 μηδὲ
1158 3147 1259 3207 κακῶν
1281 3143 1423 3221 papavere.

229 3252 311 3329 μεθα
334 3249 441 3331 χρηςῶ
466 3246 591 3327 ἔχοντες
616 3245 792 3326 πρήγματα
817 3246 847 3309 ἕν
869 3245 970 3327 χερσθ.

274 3459 355 3548 Peg.
395 3457 492 3524 1236.
527 3456 570 3522 τῶ
601 3458 676 3533 γοῦν
707 3452 795 3519 ῶλλα
827 3454 992 3533 πιςεθομεν
1025 3457 1096 3536 ὑμῖν
1129 3454 1250 3525 ἔσεσθαι
1281 3461 1420 3547 strate,

230 3569 297 3634 imo
327 3586 403 3633 vero
435 3562 557 3628 ἔσεσθαι
582 3561 764 3641 ἀγαθοῖο.
810 3561 895 3629 Nota
917 3563 994 3630 haee
1021 3568 1208 3652 compositio
1231 3574 1279 3634 est
1302 3569 1420 3639 πιςεθοο

232 3696 276 3740 σοι
300 3671 418 3752 οὶγαθθν
443 3669 575 3736 ἔσεσθαι.

273 3885 354 3972 Pag.
382 3878 480 3946 1236.
506 3878 644 3944 σύνθετον
668 3880 731 3958 γῶρ
757 3880 837 3966 [καὶ]
864 3881 897 3944 ἐκ
920 3888 1042 3947 πολλῶν
1066 3884 1162 3963 μερῶν
1183 3882 1245 3952 ἐςὶν
1265 3883 1420 3966 ἑκάτερον.

227 3993 452 4079 Importunum
476 3985 530 4052 καθ
553 3986 687 4052 dissecat
712 3989 879 4053 coniuncta
902 3989 1039 4054 σύνθετον
1064 3989 1098 4053 ἐκ
1124 3997 1245 4056 πολλῶν
1270 4001 1377 4072 μερῶν.

275 4202 356 4289 Peg.
377 4194 474 4266 1237.
493 4201 633 4263 τοσοῦτον
650 4196 785 4278 οέπὲχειο
805 4203 857 4263 τοῦ
875 4197 1021 4277 πρθττειν
1039 4199 1090 4264 καὶ
1109 4203 1334 4282 συγκατορθοῦν
1344 4209 1419 4281 ἡμῖν

230 4313 288 4374 τῶν
306 4314 385 4387 κοινῇ
403 4304 562 4385 χρησθμιον
611 4304 703 4371 Unde
721 4305 837 4390 pendet
855 4312 913 4369 τῶν
934 4317 1014 4387 κοινῇ
1034 4307 1214 4385 χρησθμον1
1242 4312 1419 4398 Apparebit

229 4415 287 4482 ubi
308 4411 525 4479 emendaveris
548 4415 602 4476 τοῦ
627 4410 774 4492 πράττειν
797 4420 843 4478 TI
869 4413 920 4478 καὶ
945 4415 1178 4494 συγκατορθοῦν.
