3076 5004
675 269 717 346 69

94 472 135 538 ut
157 488 229 561 pag.
256 464 332 540 754.
357 471 508 550 πολέμους
534 479 701 554 ςρατνγεῖν
725 469 842 547 ἱκανός,
867 474 899 535 et
922 489 996 556 pag.
1022 467 1097 535 472.
1122 469 1160 541 ῶς
1182 472 1283 543 κακῶς

94 580 313 659 ε’ςρατκγνρκῶς
338 581 390 645 τόν
414 579 559 658 πόλεμον.

139 789 222 878 Peg.
257 789 333 857 521.
362 789 432 855 οὔτε
463 792 647 867 γιγνώσκειν
678 787 865 860 ἐσκήπτοντο
895 786 954 850 τῶν
981 786 1047 864 περὶ
1080 788 1122 849 τόν
1154 787 1285 868 λρςήρια

92 897 365 977 κατηγορουμένων
404 896 486 961 οὐδὲν
507 933 548 944 -
570 895 640 960 οὔτε
676 895 807 958 ὑπόδικον
843 891 986 970 γενέσθαι
1022 893 1181 969 Ῥωμαίοις
1218 893 1286 973 περὶ

93 1002 212 1074 οὐδενός
237 1002 439 1083 πράγματος.
475 1001 696 1087 Supplendum
721 1002 871 1066 arbitror:
897 999 966 1064 οὔτε
989 999 1120 1064 ὑπόδικον
1143 998 1285 1076 γενέσθαι

94 1106 250 1194 (ἔφασαν)
286 1110 457 1185 Ῥωμαίοις.
505 1108 596 1188 Quod
628 1110 660 1172 in
693 1106 827 1194 vulgata
857 1108 1014 1190 scriptura
1037 1106 1164 1171 videtur
1185 1108 1287 1173 inesse

92 1212 224 1295 ζεῦγμα
246 1235 374 1298 prorsus
398 1235 417 1278 s
438 1214 586 1300 Dionysii
609 1213 836 1278 consuetudine
859 1211 1016 1276 scribendi
1040 1210 1180 1276 alienum
1206 1217 1263 1277 est.

142 1424 223 1512 Pag.
258 1408 337 1487 525
369 1422 420 1488 15.
456 1424 764 1499 ῶπαναςομόοσαντες
796 1422 838 1485 τόν
871 1422 992 1502 τέρατα
1027 1428 1085 1486 τῶν
1121 1422 1287 1499 ὑπονόμων.

92 1525 181 1595 Casu
207 1533 339 1595 retinuit
363 1529 537 1616 Kiessling.
562 1530 711 1593 vitiosam
736 1527 907 1593 lectionem
929 1548 986 1613 pro
1009 1548 1084 1594 vera
1107 1531 1287 1607 Ἀνατομῶ-

91 1660 211 1708 σαντες
242 1657 281 1702 ex
315 1635 476 1701 Urbinate.
527 1633 769 1712 ’λπαναςομοῦν
792 1655 854 1699 non
878 1638 927 1699 est
949 1634 1085 1699 verbum
1108 1632 1287 1715 Graecum,

92 1741 155 1808 sed
178 1743 354 1808 scribarum
377 1744 458 1807 vitio
481 1746 605 1806 natum.

146 1951 225 2040 Pag.
259 1951 335 2018 526.
368 1959 490 2017 πολλῶν
519 1954 545 2017 δ’
570 1953 600 2015 ἕν
625 1961 662 2034 τῇ
688 1955 869 2030 καταλήψει
894 1958 948 2024 τῆς
974 1951 1091 2023 πόλεως
1117 1953 1288 2018 ῶτοΛΛΎ·

95 2059 198 2137 μόνον
229 2060 298 2129 τοὺς
331 2059 452 2131 λοιποὺς
470 2096 506 2108 ·-
525 2055 609 2123 όπλοι
638 2059 827 2137 παραδοῦναι
852 2060 1002 2130 κελεόοας
1027 2059 1089 2122 κτέ.
1139 2058 1291 2138 Quicum-

95 2185 163 2250 que
191 2167 377 2230 meminerit
407 2166 442 2228 in
468 2164 559 2230 libris
583 2164 661 2230 Mes.
686 2167 804 2250 passim
830 2164 1045 2242 ἀπολλύμενος
1060 2201 1101 2213 -
1114 2164 1290 2242 ἀπολούμε-

95 2295 148 2343 νοο
161 2309 204 2320 -
217 2270 407 2350 ἀπολόμενος
440 2273 524 2337 inter
554 2293 587 2337 se
621 2276 741 2337 temere
766 2270 915 2336 confundi
938 2273 1086 2335 continuo
1111 2271 1292 2336 emendabit

97 2384 223 2443 πολλῶν
254 2379 280 2443 δ’
295 2417 337 2428 -
350 2379 584 2455 ῶτοΛΟμὲνονν.
637 2378 733 2458 Quam
752 2378 840 2440 molti
862 2379 1031 2461 periissent
1053 2377 1185 2462 reliquos
1207 2400 1291 2467 οονιου

96 2484 340 2550 tredecimo.

146 2695 225 2784 Peg.
248 2693 322 2760 528.
345 2696 449 2761 ἐκεῖνοι
470 2698 496 2762 δ’
518 2695 672 2778 ἤρξανΤΟ
694 2699 819 2778 ἐνιαυτῷ
840 2697 981 2778 πρότερον
1002 2700 1045 2772 εἷς
1065 2701 1120 2774 rio
1132 2699 1289 2776 Ῥωμαίων

97 2811 160 2883 γῆν
183 2802 390 2882 ἐμβαλόντες.
428 2801 503 2869 Sine
527 2807 739 2871 controversia
761 2805 934 2890 requiritur
958 2799 1049 2883 δόξαν
1072 2826 1129 2892 pro
1149 2807 1289 2884 ἤρξαντο.

97 2910 153 2973 illi
181 2911 301 2995 priores
332 2910 464 2973 iniurias
487 2911 632 2975 Romanis
645 2912 801 2996 fererant.
847 2911 993 2977 Fortasse
1016 2911 1189 3000 Dionysius
1213 2917 1289 2979 sori·

96 3011 320 3102 Ρ66165ἦρξαν
344 3025 428 3082 ml
455 3016 594 3098 πρότερον
618 3019 754 3100 ἐνιαυτῷ.

144 3225 224 3314 Peg.
257 3223 333 3292 529.
366 3225 418 3291 rari
450 3228 544 3291 αὑτὸν
576 3226 589 3292 ό
621 3227 872 3307 Μόρκιοο--εὑς
902 3227 953 3290 τόν
981 3234 1039 3291 τῶν
1063 3229 1229 3310 πατρικίων
1252 3253 1287 3296 τε

99 3331 153 3398 καὶ
184 3334 357 3410 βουλευτῶν
384 3334 507 3411 οὑριόμδν
531 3334 770 3412 ΚΑΤόνραψεν.
818 3333 890 3398 Νο11
914 3340 961 3398 est
985 3332 1073 3398 aliud
1096 3338 1231 3401 verbum
1254 3341 1289 3402 in

99 3461 137 3504 ea
167 3460 201 3504 re
230 3442 389 3504 usitatum
420 3460 515 3524 quam
548 3438 766 3520 ’θΝένραψεκ
812 3439 921 3504 Etiam
950 3440 1027 3505 alibi
1058 3442 1210 3508 similiter
1241 3451 1289 3511 est

97 3554 277 3633 peecatum.

117 3806 120 3811 -
144 3757 224 3848 Pag.
250 3757 324 3824 533.
351 3748 382 3824 ἓν
405 3760 462 3836 μὲν
484 3759 519 3832 aa
544 3760 633 3823 τοὺτο
655 3758 718 3843 [τό]
739 3759 915 3835 πολίτευμα
935 3763 988 3824 τοὺ
1008 3758 1165 3839 βασιλέως
1185 3785 1289 3845 παρα·

95 3867 215 3934 δίδοται
247 3869 342 3932 καλόν
367 3864 440 3944 ἅμα
472 3866 524 3931 καὶ
550 3866 781 3948 πραγματικόν.
828 3867 985 3953 Expunge
1009 3865 1045 3930 τό
1066 3866 1151 3934 111616
1175 3870 1289 3937 adhae·
1355 3919 1359 3926 ,

94 3995 171 4042 rens
193 3995 232 4039 611
255 3973 380 4061 syllaba
402 3973 612 4059 praecedenti.
908 3979 910 3983 '

145 4178 224 4271 Pag.
262 4180 338 4247 541.
372 4175 636 4256 ἐδήλωσεν-ότι
667 4190 820 4250 κατοικεῖν
853 4183 882 4248 ἓν
914 4190 952 4266 τῇ
984 4181 1071 4249 πόλει
1102 4183 1288 4263 βουλόμενος

95 4296 281 4356 naemei.
331 4288 417 4368 Quid
450 4290 512 4355 sibi
543 4290 616 4355 vult
646 4292 782 4358 verbum
816 4292 1013 4373 παρέρχομαι
1043 4293 1077 4355 in
1107 4291 1292 4363 huiusmodi

96 4393 273 4463 sententia?
294 4489 297 4494 ,
320 4393 429 4461 Scribe
452 4395 573 4479 παρεόν.
