3076 5004
705 250 744 325 11

124 445 243 539 igitur
258 449 407 515 omnibus
437 447 532 513 malis
562 452 609 513 ita
635 446 827 513 medendum
860 454 908 515 est
938 453 976 515 ut
1005 450 1096 516 uitiis
1119 454 1175 515 ant
1198 469 1216 514 a
1238 446 1320 515 bono

128 554 246 622 Oritico
277 557 425 621 correctis
453 560 508 619 ant
538 575 577 619 ex
607 553 689 619 bono
720 552 836 621 Codice
859 555 994 621 sublatis
1018 561 1149 621 utamur
1172 555 1212 621 ad
1237 555 1322 621 dete·

127 663 232 751 ganda
262 668 294 727 et
325 660 542 748 redarguenda
571 658 710 745 reliqua.
744 681 823 745 quae
854 661 957 727 adhuc
989 668 1098 727 acutos
1128 660 1322 727 criticorum

128 769 236 835 oculos
266 767 454 833 fefellerunt.
503 767 650 852 Namque
679 766 762 831 nihil
785 772 833 833 est
856 769 889 832 in
912 768 971 834 hoc
994 789 1108 855 genere
1130 767 1322 854 praeclarius

128 883 161 940 et
185 876 225 940 ad
246 872 342 939 fidem
366 873 543 938 faciendam
567 876 665 938 etiam
690 875 730 937 iis
753 876 807 958 qui
832 870 986 940 Oriticam
1010 880 1111 939 artem
1130 894 1192 940 non
1212 879 1322 939 amant

128 979 285 1045 efficacius
317 999 414 1063 quam
443 978 706 1066 palaeographica
727 979 882 1059 ἐνάργεια.
930 978 1104 1068 Colligitur
1127 987 1236 1047 autem
1258 983 1323 1046 exi·

126 1088 232 1152 mium
258 1086 318 1152 hoc
341 1088 468 1151 criticae
491 1086 654 1151 facultatis
676 1086 856 1151 subsidium
880 1093 912 1151 et
935 1087 1157 1152 adiumentum
1180 1088 1322 1152 maxime

127 1214 166 1258 ex
197 1195 266 1278 ipsa
296 1193 508 1258 vetustiorum
542 1190 697 1256 Codicum
725 1193 913 1258 tractatione
943 1191 1112 1270 dintuma,
1146 1192 1259 1258 deinde
1282 1213 1322 1257 ex

125 1301 283 1364 bonarum
318 1297 577 1363 emendationum
613 1297 841 1363 observatione.
887 1297 995 1365 Habet
1030 1305 1139 1364 autem
1174 1299 1234 1365 hoc
1268 1320 1322 1384 pa·

125 1403 368 1493 laeographicae
401 1404 561 1483 ἐναρνειας
595 1403 747 1469 diuturna
777 1404 1009 1472 animadversio
1041 1410 1078 1470 ut
1107 1425 1171 1470 uon
1194 1410 1321 1470 tantum

126 1532 241 1577 vemm
272 1511 403 1595 reperiri
437 1510 491 1575 sed
521 1512 620 1575 etiarn
651 1515 689 1574 ut
719 1531 794 1576 vera
822 1530 859 1576 ea
889 1532 956 1577 esse
979 1511 1189 1576 demonstrari
1211 1513 1321 1596 possit.

124 1618 214 1683 Ferit
245 1618 332 1682 enirn
362 1618 397 1681 in
424 1616 475 1680 his
506 1618 651 1680 animum
683 1619 733 1682 uis
762 1622 904 1702 repertae
928 1620 1073 1684 veritatis
1095 1637 1197 1703 neque
1220 1616 1321 1682 ullam

126 1724 360 1789 dubitationem
383 1724 417 1785 in
442 1724 548 1787 animo
572 1722 699 1788 haerere
722 1725 853 1808 patitur.
889 1722 985 1789 Iuvat
1002 1726 1112 1808 paucis
1130 1722 1320 1809 quibusdam

126 1828 283 1915 exemplis
310 1850 378 1894 rem
402 1831 435 1893 in
460 1828 544 1894 clara
567 1828 638 1894 lnce
660 1849 784 1914 ponere.
831 1828 1013 1895 Sexcentics
1035 1832 1069 1894 in
1091 1830 1183 1895 libris
1206 1830 1322 1915 quibus

126 1938 252 2001 utimur
269 1936 388 2001 factum
411 1941 458 2000 est
478 1941 514 1999 ut
534 1937 567 1999 in
586 1942 732 2021 corrupto
751 1935 820 2002 loco
839 1937 1033 2003 semidoctus
1053 1941 1207 2002 corrector
1217 1937 1321 2021 ipsam

126 2044 202 2109 uitii
224 2041 332 2108 sedem
355 2062 418 2106 non
442 2041 705 2108 animadverterit
729 2042 783 2107 sed
807 2045 975 2108 temeraria
995 2043 1226 2124 ταραιιιριιισει
1248 2043 1322 2107 scri-

127 2153 257 2234 pturam
278 2152 419 2214 veterem
442 2146 683 2232 interpolaverit
703 2148 889 2232 auxeritque
909 2146 1043 2213 malum.
1079 2147 1115 2212 ln
1132 2148 1183 2214 his
1203 2150 1231 2214 si
1251 2150 1322 2233 quis

128 2240 254 2320 acutius
289 2274 417 2319 cernens
448 2273 577 2341 aegram
608 2251 670 2317 loci
700 2257 825 2339 partem
857 2258 1051 2340 perspexerit
1082 2260 1115 2320 et
1145 2257 1321 2333 sanaverit,

129 2365 279 2426 continuo
310 2359 436 2425 inficeta
457 2357 660 2445 interpolatio
684 2365 740 2424 ant
762 2358 876 2424 inutile
899 2360 1152 2426 additamentum
1177 2363 1322 2426 omnium

130 2466 229 2533 oculis
253 2471 350 2553 patet.
385 2466 546 2532 Edebatur
569 2465 653 2552 apud
675 2465 867 2551 Dionysium
890 2486 963 2553 pag.
990 2465 1066 2531 516.
1094 2468 1323 2532 ἀποκτείναντα

130 2574 181 2638 τιν
212 2573 352 2652 βασιλέα
383 2610 423 2620 -
456 2573 508 2635 uoci
541 2577 599 2635 τῶν
624 2569 728 2635 ἄλλων
751 2567 835 2642 ὅστις
859 2569 998 2652 ἔτνχΕΝ
1026 2581 1142 2639 ΕΙΝΑΙ
1168 2579 1226 2652 adp
1254 2575 1322 2658 [ε’μ·

131 2679 258 2762 βαλεῖν]
290 2679 332 2750 εἷς
363 2680 418 2752 τὴν
450 2679 564 2742 οὶκίαν.
596 2683 629 2742 et
657 2697 731 2764 pag.
764 2675 841 2742 316.
875 2677 926 2741 τὸν
958 2678 1068 2756 spacia
1102 2673 1159 2757 ἦγε
1191 2680 1243 2745 διαὶ
1266 2688 1321 2755 τῆς

130 2787 233 2866 χώρας
255 2785 336 2850 οὐδὲν
360 2784 510 2862 ΟΙόμεννς
537 2782 722 2869 [βλάπτειν]
746 2789 804 2848 τῶν
829 2783 914 2849 κατὰ
940 2785 1009 2856 τοὺς
1034 2784 1165 2864 ἄγριός.
1191 2793 1223 2853 et
1246 2806 1320 2874 pag.

132 2892 206 2957 528.
231 2897 289 2956 τῶν
314 2892 502 2955 Οὐιεντανῶν
527 2927 569 2938 -
595 2891 653 2960 τὰς
679 2898 826 2954 ΑΛΛΑΟ
856 2889 987 2978 [πόλεις]
1016 2889 1178 2965 ἀξιούντων
1201 2894 1323 2958 ιὶσνλα-

132 2999 197 3076 βεῑν
230 2996 267 3063 ὧν
295 2998 345 3063 ε’τιὶ
372 2998 528 3075 Ῥωμύλον
553 3035 594 3045 -
620 2997 802 3070 dracaena.
829 3002 861 3061 et
881 3018 952 3084 pag.
984 2995 1083 3062 1007.
1110 2999 1227 3063 πόλεων
1252 3001 1323 3064 Ἐλ-

133 3105 258 3179 λννίδιιν
274 3103 349 3184 ἔργα
364 3103 476 3180 διεξιὼν
490 3100 557 3168 ὅσαι
571 3105 817 3180 μαλακισθεῖσαι
832 3113 1063 3169 A1A1<A1P0a
1067 3113 1090 3169 C
1102 3104 1153 3190 (δι’
1166 3105 1323 3187 circipene)

132 3211 215 3285 τινας
251 3211 426 3296 [ἀφορμὰς]
461 3247 502 3258 -
532 3209 631 3274 σιἰκέτι
665 3247 706 3256 -
739 3211 859 3274 νινελεῖν
892 3210 977 3273 αὐτὰ
1001 3209 1129 3287 δύναμιν
1155 3210 1266 3292 ἔσχον.
1292 3217 1324 3277 et

131 3339 202 3405 pag.
231 3317 329 3382 1526.
357 3317 424 3397 πρὶν
445 3314 511 3379 “eli
517 3325 629 3381 ACTA
655 3315 799 3392 γενέσθαι
823 3315 931 3401 [δῆλα]
954 3319 1113 3392 Ῥωμαιοις
1135 3320 1176 3382 ται
1193 3318 1322 3396 βινλεύ·

133 3449 240 3502 ματα.
266 3430 298 3489 et
318 3445 391 3510 pag.
415 3420 510 3487 1988.
533 3424 558 3486 ci
581 3425 610 3486 δὲ
633 3421 786 3502 δήμαρχοι
807 3426 894 3500 σφας
914 3421 971 3499 μὲν
990 3424 1101 3496 αὐτοὺς
1122 3424 1204 3488 οὐδὲν
1217 3424 1324 3503 ἔλεγον

133 3529 288 3608 ’ΛΝνιξισν
311 3530 409 3614 [δρᾶν]
430 3529 499 3594 οὔτε
518 3528 620 3593 uibrata
640 3527 709 3593 οὔτε
729 3529 917 3610 ἀσύμφορον.
953 3528 991 3593 In
1011 3528 1160 3594 omnibus
1178 3530 1228 3595 his
1248 3529 1326 3596 loeis

132 3637 326 3720 corruptelam
358 3647 459 3700 cecato
489 3643 531 3699 eat
561 3635 764 3718 irttcrpolotiO,
801 3634 855 3698 sed
888 3635 1013 3700 fraudes
1036 3634 1130 3700 hasce
1154 3656 1262 3701 omnes
1286 3635 1324 3700 ad

132 3763 231 3807 unam
262 3742 324 3807 duo
355 3744 472 3827 optimi
505 3738 635 3806 Codices
666 3746 865 3826 aperuerunt.
913 3740 1036 3825 Nempe
1068 3743 1100 3804 in
1128 3744 1233 3826 primo
1256 3741 1325 3807 loco

133 3849 302 3914 dederuut:
329 3884 371 3895 -
395 3845 532 3926 ἕτνχΕΝ
559 3854 734 3912 ΕΝΕΙΝΛΙ
763 3852 822 3926 πῦρ
847 3848 890 3919 εἰς
913 3848 969 3922 τὴν
990 3848 1097 3912 οἰκίαν.
1136 3848 1258 3913 Notum
1279 3854 1327 3914 est

133 3957 240 4020 ἐνιέναι
264 3959 323 4034 arip
346 3955 470 4018 iniicere
494 3953 605 4036 iqrtern,
632 3967 668 4017 ut
691 3974 762 4040 pag.
790 3950 866 4018 559.
891 3957 949 4032 τῦρ
974 3953 1081 4016 ἐνεῖναι
1105 3962 1176 4026 ταῖς
1202 3953 1303 4026 ὕλαις.

177 4061 214 4127 In
237 4061 373 4127 secundo
396 4061 464 4125 ioco
488 4080 563 4125 uera
586 4060 681 4125 lectio
705 4063 753 4126 est
772 4061 806 4124 in
827 4069 878 4124 AB
900 4064 1025 4125 servata
1045 4060 1127 4126 οὐδὲν
1149 4061 1325 4139 ΩΙΝὸμενις

131 4174 189 4233 τῶν
218 4168 303 4232 κατὰ
333 4167 402 4240 τοὺς
436 4168 560 4245 ἀγρούς.
608 4165 713 4251 Stipes
743 4168 798 4250 qui
829 4167 890 4230 sibi
922 4165 1053 4244 οἰόμενος
1086 4188 1143 4252 pro
1173 4174 1324 4247 σινόμενος

133 4275 303 4342 uidebatur
337 4274 445 4339 uidere
475 4272 635 4350 βλαττειν
667 4270 781 4336 stolide
811 4273 955 4336 inseruit.
1002 4271 1124 4356 Ecquid
1161 4275 1245 4338 enirn
1279 4279 1327 4341 est

134 4381 301 4448 absurdius
324 4381 358 4444 in
381 4379 439 4445 tali
461 4401 495 4444 re
519 4399 615 4465 quam
639 4378 722 4443 οὐδὲν
745 4376 878 4457 οἰόμενος
901 4375 1080 4460 βλαστεινι
