3076 5004
807 261 830 345 i

224 469 333 558 gentis
357 473 389 534 et
412 464 543 557 linguae
574 468 761 554 antiquioris
790 469 935 555 inscitia,
960 469 1013 536 cui
1037 489 1110 535 suas
1131 466 1283 555 loquendi
1306 464 1412 535 sordes

224 577 458 661 admiscebant,
492 578 530 641 ut
560 576 701 660 optimus
733 576 866 658 quisque
898 581 1045 642 veterum
1068 579 1260 661 scriptorum
1282 595 1345 640 non
1369 575 1410 640 τόν

223 684 308 750 αὐτόν
333 684 398 763 περὶ
431 690 489 748 τῶν
520 685 620 748 αὐτῶν
652 681 754 758 λέγειν
787 682 843 746 sed
875 684 983 748 omnia
1013 681 1140 746 turbare
1168 686 1200 746 et
1223 681 1412 747 confundere

221 789 379 856 videatur.
433 789 531 855 Iuvat
562 809 632 853 eam
663 808 731 852 rem
762 785 934 853 luculentis
965 788 1156 873 quibusdam
1188 788 1343 873 exemplis
1377 791 1411 853 in

223 895 354 961 clariore
384 895 455 960 luce
483 914 608 980 ponere.
656 893 823 958 Ἀπνλαύω
855 893 952 959 habet
981 895 1066 980 apud
1094 893 1224 959 Veteres
1258 897 1412 959 acrisium

223 1003 391 1069 ἀπέλαυσα
423 1005 455 1066 et
486 1000 663 1086 perfectum
685 998 902 1065 destinatas.
949 1000 1117 1089 Leguntur
1138 1001 1215 1066 haec
1238 1004 1412 1068 sexcenties

222 1109 307 1195 apud
326 1127 445 1173 omnes.
477 1115 670 1186 Παρανσμεΐν
688 1106 786 1172 habet
805 1105 1004 1187 παρενόμουν
1021 1113 1053 1173 et
1070 1107 1290 1189 σαρΕνόμησα.
1315 1108 1413 1174 Verbi
1495 1097 1497 1100 ’

224 1216 345 1294 ἐγγυᾶν
384 1212 468 1298 apud
509 1212 638 1278 Veteres
675 1213 900 1297 imperfectum
939 1219 987 1280 est
1030 1215 1227 1292 ἘΝθγόων,
1276 1217 1412 1281 sanstus

223 1318 443 1399 ἘΝΕγύησα,
473 1319 901 1405 perfectum’erreytnsa
934 1325 967 1386 et
997 1321 1247 1399 ἘΓΓΕγόημαμ
1293 1319 1412 1400 Ἐγκυ-

223 1425 344 1508 μνόζενν
367 1427 402 1491 in
423 1426 610 1511 imperfecto
629 1429 661 1491 et
679 1427 795 1492 aoristo
814 1429 905 1492 sonat
924 1425 1124 1508 ἐνεκωμίαζον
1144 1431 1176 1493 et
1197 1427 1409 1507 ε’νεκυμόασα,

222 1537 257 1602 in
284 1533 422 1620 perfecte
453 1530 687 1612 ἐγκεκωμίακεν.
721 1531 821 1613 ,Ωσίᾶ
852 1531 992 1599 scribae?
1016 1534 1079 1599 Pro
1102 1532 1272 1599 ἀπέλαυσα
1295 1535 1411 1600 substi-

222 1643 319 1707 tuunt
343 1639 532 1715 όπηλαυσα,
565 1636 722 1713 ἀπήλασα
745 1638 838 1704 credo
862 1635 985 1704 ἔναυλον
1008 1639 1177 1725 habentes,
1197 1659 1258 1725 ¹pro
1281 1638 1412 1719 ἕνεγύαν

223 1751 256 1814 et
287 1744 438 1825 ἕνεγόησα
470 1746 505 1810 in
536 1743 627 1809 libris
654 1744 751 1809 scribi
773 1743 854 1811 solet
878 1743 1032 1822 ε’νεγγόυν
1057 1750 1090 1811 ot
1112 1746 1288 1825 ε’νεγγόησα
1315 1744 1411 1832 (apud

222 1852 415 1940 Dionysium
439 1852 544 1916 editur
568 1848 739 1929 ἐνεγγύησε
763 1871 835 1939 pag.
860 1850 941 1929 444,
968 1850 1048 1931 642,
1076 1849 1142 1920 710
1166 1857 1198 1918 et
1220 1849 1412 1931 ἕνεγγυησό-

222 1983 312 2038 μενος
338 1957 436 2024 2230.
469 1957 523 2022 sed
553 1961 637 2022 recte
653 1942 856 2034 ’ἕνεγνησασν
880 1955 980 2025 2227.
1008 1962 1041 2024 et
1064 1959 1299 2038 ἐγγεγυημένην
1323 1958 1411 2040 ἑτέρῳ

223 2064 342 2153 2228);
368 2085 424 2149 pro
455 2062 642 2144 espeniacus
673 2064 738 2129 fere
766 2068 944 2130 constanter
967 2063 1169 2147 σαρΗνόμνυν
1191 2066 1282 2132 nobis
1305 2067 1412 2131 obtru-

223 2174 320 2250 dunt,
342 2176 374 2237 et
393 2171 450 2235 ubi
469 2171 572 2236 fuerat
592 2170 792 2252 ἐνεκωμίαζον
812 2175 896 2236 recto
911 2173 1065 2257 scriptum
1082 2193 1165 2237 nunc
1185 2172 1411 2264 ἕνεγνυμόαζσν
1494 2197 1496 2202 ’

221 2272 353 2368 legitur.
401 2276 491 2342 Sunt·
504 2277 598 2356 haec,
623 2278 750 2362 opinor,
775 2281 861 2342 certa
884 2281 916 2342 et
934 2277 1115 2343 indubitata
1141 2278 1299 2344 scribendi
1319 2281 1411 2346 vitia.

221 2387 307 2453 Nam
332 2406 394 2470 quo
417 2378 545 2449 tandem
573 2388 666 2468 pacto
696 2404 735 2449 ex
762 2380 925 2449 oro-aete
948 2383 1122 2458 ἀπήλαυσα
1145 2386 1232 2450 nasci
1254 2405 1411 2470 nmquam

221 2493 326 2578 potuit
359 2496 415 2557 aut
446 2488 651 2572 σαρηνόμησα
683 2510 721 2554 ex
753 2486 979 2571 σαρανσμεῖνό
1013 2489 1181 2555 Pullulsnt
1213 2495 1321 2557 tamen
1351 2491 1410 2556 hae

220 2601 347 2684 ineptae
366 2599 540 2682 scripturae
563 2595 649 2681 apud
672 2599 832 2682 optimum
856 2616 1014 2681 quemque
1038 2600 1070 2661 et
1092 2597 1127 2660 in
1146 2598 1268 2680 optimo
1287 2616 1411 2681 quoque

221 2709 254 2771 et
276 2705 493 2771 vetustissime
525 2699 650 2768 Codice.
697 2703 866 2769 Pullulsnt
896 2705 996 2768 etiam
1023 2702 1106 2787 apud
1131 2707 1240 2787 poetas
1263 2702 1411 2790 ingulato

220 2816 333 2877 metro.
380 2809 510 2875 Licetne
541 2811 643 2897 igitur
673 2810 751 2875 haec
776 2811 883 2876 omnia
906 2810 948 2872 ad
968 2831 1057 2873 ανανα
1081 2809 1257 2893 eandemque
1279 2811 1411 2892 νερυόσννν

218 2920 413 2983 'recocarcan
432 2912 609 2981 nonlicet?
632 2914 788 2981 Dubitare
804 2914 894 2994 licet,
916 2935 1054 3001 namque
1074 2913 1186 2980 Editor
1209 2915 1249 2981 ad
1272 2934 1347 3003 pag.
1366 2914 1410 2981 20

221 3024 347 3104 νόγαόῶν
371 3018 446 3086 όσων
475 3019 644 3086 όσόλαυσα
669 3023 850 3100 annotavit:
884 3021 1079 3100 „araneosa
1110 3032 1144 3087 B.
1169 3044 1256 3107 qaam
1275 3022 1411 3107 formam

221 3135 249 3195 et
272 3128 320 3192 hic
342 3135 371 3193 ct
394 3128 466 3192 aliis
488 3127 632 3209 lccmaeffl.
660 3126 718 3205 55,
745 3125 800 3215 ¹76)
824 3127 876 3191 eoi
906 3126 1033 3191 Urbinas
1056 3127 1131 3191 liber
1152 3150 1215 3193 cnm
1234 3128 1348 3193 enhibet
1368 3149 1412 3191 mc

220 3234 364 3320 σρνυυόενσ
386 3233 497 3302 dolco”.
543 3233 607 3301 Sed
630 3234 823 3311 admonitus,
851 3234 977 3319 opinor,
1003 3235 1144 3300 mutabit
1167 3236 1365 3300 sententiam.

268 3341 545 3421 Quemadmodum
577 3341 751 3416 vicinaves
781 3361 838 3426 pro
868 3337 1039 3405 ἀπέλαυσα
1070 3341 1239 3406 manifesto
1262 3339 1411 3406 mendose

221 3449 388 3531 scribitur,
420 3450 465 3512 sic
496 3443 584 3533 apud¹
606 3445 800 3532 Dionysium
823 3450 855 3511 et
878 3445 958 3512 aliae
982 3447 1102 3513 formae
1126 3447 1409 3531 circumferuntur,

223 3575 301 3641 quas
323 3574 386 3619 non
409 3555 517 3618 minus
538 3573 604 3618 esse
623 3553 756 3618 vitiosas
774 3551 896 3638 liquide
918 3558 1051 3620 constat.
1090 3554 1235 3621 Potiores
1258 3552 1410 3638 quasdam

221 3663 318 3729 verbo
341 3664 450 3726 notare
473 3661 551 3727 satis
575 3662 653 3725 esto.

266 3767 349 3833 Vera
371 3765 466 3833 lectio
858 3766 984 3832 vitiosa.

267 3871 415 3952 ἀνάπλεῳ
860 3870 1011 3939 ἀνάπλεον

268 3979 442 4060 ἠνεσχόμην
862 3979 1041 4060 ἀνεσχόμην

226 4158 229 4163 .
268 4084 385 4169 εὕρημα
861 4083 975 4168 εὕρεμα

267 4194 395 4273 καόηραν
860 4195 992 4274 καόῖνραν

266 4295 475 4366 καλινδεῖσόαν
862 4298 1064 4366 κυλινδεῖσθαι

266 4401 428 4479 Μυτιλήνη
861 4406 1023 4483 Μιτυλήνη
