3076 5004
817 295 886 377 θθὸ

255 485 421 565 οίκισθῆναι
445 487 553 576 πθλιν,
574 489 682 558 ταῦτα
705 493 782 562 ἕσιν·
806 486 998 573 ’Λβορίγινες
1020 480 1077 567 μέν
1096 485 1230 574 πρῶτον,
1251 487 1277 554 οί
1297 483 1447 558 Σικελοὺς

256 596 445 674 έξανέτησαν
471 599 505 664 ἐκ
532 597 648 664 τούτων
671 605 729 664 τῶν
752 599 889 681 χωρίων,
912 594 1065 670 Ἕλληνες
1087 594 1172 668 θντες
1195 595 1229 660 τθ
1254 597 1386 674 οίρχαίον
1411 593 1448 656 ἐκ

257 705 485 779 Πελοποννήσου
516 711 576 768 τῶν
607 706 661 770 σὺν
696 707 834 787 Οἰνώτρῳ
867 703 1143 783 μετενεγκαμένων
1173 702 1229 778 την
1262 702 1376 776 οίκησιν
1413 700 1449 762 έκ

256 815 312 882 της
337 809 527 887 καλουμένης
553 815 602 875 νῦν
626 812 816 893 Ἀρκαδίας,
841 813 880 884 ῶς
905 811 968 889 ε’γῶ
992 809 1153 885 πείθομαι·
1181 806 1275 874 ἔπειθ’
1300 809 1324 872 oi
1345 829 1448 886 μετα-

257 913 408 988 ναςιίντες
433 917 467 981 έκ
489 926 545 992 της
569 917 641 982 τότε
664 919 721 996 μέν
746 919 896 998 Αἱμονίας
920 921 970 981 νῶν
995 916 1026 980 δέ
1051 917 1232 986 Θετταλίας
1253 912 1447 992 καλουμένης

257 1022 435 1099 Πελασγοί·
469 1024 562 1103 τρίτοι
595 1024 626 1088 δὲ
650 1025 675 1088 οἱ
700 1024 755 1089 σὺν
778 1023 920 1105 Εὐοίνδρω
944 1022 1210 1102 παραγενηθέντες
1234 1021 1276 1093 είς
1303 1019 1448 1085 Ἰταλίαν

259 1128 292 1191 ἔκ
323 1128 524 1194 Παλλαντίου
557 1130 689 1203 πόλεως·
723 1131 808 1210 μετὰ
836 1131 866 1196 δὲ
891 1128 1016 1201 τούτους
1040 1134 1097 1194 τῶν
1121 1129 1175 1193 σὺν
1196 1134 1353 1208 Ἠρακλεῖ
1372 1149 1449 1206 τρα·

257 1233 424 1312 σευομένων
457 1236 704 1311 Πελοποννησίων
729 1235 847 1301 Ἐπειοί
869 1258 905 1300 τε
929 1232 981 1299 καί
1008 1237 1177 1303 Φενεῶται.
1204 1227 1247 1304 οἷς
1273 1232 1324 1297 καί
1349 1241 1448 1312 Τρωι-

258 1338 309 1405 κθν
332 1362 362 1405 τι
386 1340 596 1420 immoror
622 1351 795 1409 τελευταῖοι
819 1343 850 1408 δέ
874 1345 899 1409 σί
921 1342 1118 1412 διασωθέντες
1140 1338 1195 1404 σὺν
1216 1338 1323 1420 Δίνείρο
1343 1344 1448 1420 Τρῶες

259 1446 294 1524 ἐξ
323 1446 416 1512 Ἰλίου
446 1472 481 1512 τε
513 1449 565 1512 καί
598 1449 758 1529 Δαρδιίνου
792 1451 845 1516 καὶ
877 1455 935 1515 τῶν
967 1447 1070 1513 ἄλλων
1097 1451 1236 1527 Τρωικῶν
1262 1446 1390 1509 πόλεων.
1416 1448 1451 1510 et

258 1555 377 1619 iterum
412 1558 450 1618 ut
483 1555 518 1618 in
552 1575 586 1619 re
619 1561 703 1622 oorta
736 1560 769 1622 ot
798 1559 888 1622 extra
917 1576 1042 1621 omnem
1074 1553 1320 1619 controversiam
1343 1552 1452 1636 posita

260 1658 418 1725 exclamat
447 1681 522 1748 pag.
555 1660 632 1726 229.
665 1665 773 1742 θαρρῶν
806 1662 859 1738 ἤδη
883 1685 931 1736 τις
956 1659 1172 1742 ἀποφαινέσθω
1196 1657 1301 1723 πολλοὶ
1325 1656 1451 1739 χαίρειν

259 1765 386 1846 φροίσας
410 1775 473 1839 τοῖς
498 1767 667 1848 βαρβαρων
690 1769 743 1833 καί
768 1769 924 1848 δραπετῶν
948 1769 1000 1834 καί
1021 1767 1147 1835 οίνεςίων
1168 1765 1325 1846 ἀνθρώπων
1348 1787 1453 1829 κατα-

259 1872 366 1952 φυγην
390 1873 445 1944 την
467 1871 586 1949 Ῥώμην
608 1880 744 1939 ποιοῦσιν
764 1874 913 1940 Ἐλλοίδα
937 1875 1027 1940 πθλιν
1052 1875 1167 1950 αὐτην,
1193 1870 1450 1948 ἀποδεικνύμενος

259 1980 316 2054 μὲν
348 1976 523 2054 κοινοτοίτην
554 2004 589 2043 τε
619 1981 735 2045 πόλεων
759 1981 812 2046 καί
837 1979 1150 2062 Φιλανθρωποτοίτην,
1175 1977 1393 2056 ἐνθυμούμενος
1418 1977 1450 2042 δέ

260 2078 306 2148 ὅτι
330 2084 364 2148 τὸ
386 2090 447 2148 τῶν
471 2085 671 2166 Ἀβοριγίνων
693 2094 793 2168 φῦλον
818 2088 997 2165 Οἰνωτρικὸν
1023 2081 1072 2164 ἦν,
1093 2089 1181 2150 τοῦτο
1202 2086 1234 2150 δὲ
1253 2080 1450 2163 Ἀρκαδικόν·

261 2189 452 2270 μεμνημένος
479 2191 511 2255 δέ
535 2200 593 2257 τῶν
618 2192 858 2268 συνοικησοίντων
884 2196 987 2266 αὐτοῖς
1009 2199 1199 2270 Πελασγῶν,
1222 2183 1247 2255 οἳ
1266 2191 1452 2254 Θετταλίαν

261 2296 490 2370 καταλιπόντες
534 2301 668 2379 Ἀργεῖοι
712 2302 747 2366 τὸ
791 2301 876 2379 γένος
913 2299 995 2372 ὄντες
1030 2302 1072 2372 είς
1108 2299 1249 2362 Ἰταλίαν
1283 2298 1452 2374 ἀφίκοντο·

259 2402 412 2481 Εὐοίνδρου
446 2428 482 2467 τε
515 2402 554 2469 αὖ
584 2405 638 2470 καί
673 2407 828 2486 Ἀρκαδων
859 2405 1012 2488 οίφίξεως,
1042 2398 1069 2470 οἳ
1099 2404 1165 2485 περί
1189 2403 1224 2468 τὸ
1248 2401 1452 2468 Παλλοίντιον

259 2506 399 2589 ᾤκησαν,
425 2509 624 2590 Ἀβοριγίνων
648 2515 753 2586 αὐτοῖς
778 2512 1003 2593 παρασχόντων
1027 2511 1062 2576 τί
1085 2512 1210 2591 χωρίον·
1235 2507 1330 2573 ἔτιδὲ
1351 2519 1452 2574 Πελο-

259 2615 421 2688 ποννησίων
450 2622 508 2679 τῶν
540 2619 594 2682 σὺν
623 2620 780 2697 Ἠρακλεῖ
809 2617 1084 2700 παραγενομένων,
1120 2612 1147 2682 οἳ
1178 2613 1362 2696 κατῴκησαν
1398 2616 1449 2680 έτί

258 2725 310 2783 τοῦ
345 2720 521 2799 Σατορνίου·
553 2733 731 2789 τελευταῖον
764 2727 795 2791 δέ
824 2732 881 2789 τῶν
912 2725 1141 2791 απαναςιίντων
1167 2724 1199 2787 ἐκ
1223 2723 1279 2794 τῶς
1303 2720 1448 2800 Τρῳάδος

257 2827 309 2890 καί
332 2827 596 2904 συγκερασθέντων
619 2838 682 2901 τοῖς
705 2831 867 2910 προτέροις.
892 2831 1006 2895 τούτων
1031 2833 1093 2907 γοθρ
1119 2829 1155 2893 ῶν
1181 2830 1262 2893 οὐδέν
1287 2824 1363 2906 εὕροι
1390 2835 1450 2893 τῶν

258 2934 344 2997 ἐθνῶν
379 2933 448 2997 οὔτε
472 2936 672 3014 οίρχαιθτερον
695 2937 765 3002 οὔτε
786 2937 1056 3016 Ἑλληνικώτερον.
1106 2935 1189 3000 'I'um
1214 2936 1304 3020 quasi
1326 2937 1452 3000 veritus

257 3060 296 3103 no
328 3039 456 3104 Troiani
489 3062 545 3125 pro
576 3044 726 3108 Asiaticis
750 3050 782 3108 ei
805 3045 948 3109 barbaris
971 3044 1164 3107 hoboronour
1184 3040 1293 3105 sedulo
1318 3040 1450 3105 demon-

258 3150 358 3210 strare
389 3149 492 3230 coepit
524 3169 596 3235 pag⁴
635 3148 709 3214 153.
744 3145 789 3214 θ’τι
814 3134 925 3214 καί-τί
949 3155 1006 3213 τῶν
1030 3150 1138 3227 Τρῶων
1163 3146 1240 3217 ἔθνος
1261 3148 1449 3220 Ἑλληνικὸν

256 3250 322 3315 ἘΝ
347 3259 448 3316 TOIC
472 3262 671 3319 MAAicTA
696 3252 729 3329 ἦν
750 3256 784 3320 έκ
803 3256 1030 3329 Πελοποννήσου
1051 3255 1126 3318 ποτὲ
1145 3249 1334 3336 ῶρμημὲνον,
1355 3254 1447 3318 ouius

214 3358 218 3368 '
256 3360 302 3423 rei
327 3363 517 3445 argumenta
540 3366 572 3424 ei
594 3362 795 3446 probationes
817 3362 892 3428 vide
916 3360 1000 3448 apud
1020 3360 1139 3444 ipsum.

304 3568 453 3652 Suspicor
484 3573 516 3633 et
547 3569 631 3654 apud
662 3569 824 3637 Romanos
849 3572 947 3636 fuisso
971 3569 1050 3636 oiim
1073 3567 1240 3634 nonnullos
1264 3567 1448 3653 (Epicureos

257 3675 408 3749 fortasse,
441 3694 520 3758 quos
543 3673 717 3762 Dionysius
740 3677 821 3742 ferro
843 3697 906 3742 non
932 3675 1066 3763 poterat)
1093 3677 1148 3759 qui
1171 3673 1211 3739 ad
1233 3674 1311 3739 haoo
1333 3673 1447 3738 leniter

256 3779 471 3857 subridoront;
497 3784 530 3846 et
553 3783 652 3846 etiam
675 3802 760 3850 nuno
784 3802 851 3849 esso
875 3785 931 3868 qui
953 3782 988 3848 id
1010 3781 1128 3846 faciant
1150 3799 1213 3844 non
1234 3781 1375 3871 suspicor
1392 3778 1447 3846 sed

257 3891 342 3954 oerto
366 3887 441 3952 soio.
