3076 5004
804 240 871 313 202
943 277 945 280 <

628 483 672 532 ΔΙ)
694 483 818 534 LIBRUM
840 483 1040 534 mnemon.

284 645 364 734 Pag.
390 643 488 709 2160.
514 647 556 718 είς
581 645 641 718 τοδς
664 648 815 725 γαμετὰς
835 650 936 713 αὐτῶν
954 646 1015 718 τόνς
1034 641 1205 727 εὐμόρφους
1227 642 1432 725 παρΗνθμουν

239 751 292 818 καὶ
318 753 390 837 [είς]
416 751 588 832 θυγατέρας
613 752 788 831 ἐπιγοίμους
813 754 1003 835 καθθβριζον.
1050 752 1229 818 Barbarum
1253 757 1301 817 est
1323 760 1434 832 παρΗ-

241 858 348 936 νόμουν
370 878 427 943 pro
452 858 651 940 reperturos
676 864 708 925 et
731 862 773 933 είς
797 859 1057 946 expungendum.
1094 857 1221 924 Dicitur
1242 859 1328 922 enim
1348 855 1434 937 ὑβρί-

241 963 302 1046 ζειν
332 961 376 1037 είς
408 988 478 1030 τινα
509 964 565 1031 sed
595 965 760 1048 ἐνυβρίζειν
789 965 849 1031 τινί
881 970 913 1030 et
941 964 1135 1047 καθυβρίζειν
1157 961 1229 1028 τινοί
1252 966 1320 1029 sine
1344 981 1435 1049 prae·

241 1073 408 1156 positione.

286 1277 367 1366 Pag.
392 1278 490 1345 2161.
524 1279 755 1360 ὑποδεχομένων
781 1282 894 1353 αὐτοὺς
921 1280 1094 1366 (Romanos
1108 1300 1156 1345 ex
1178 1279 1264 1345 Urbe
1287 1281 1434 1366 migran-

244 1389 431 1466 ίθυ)-σῶν
451 1386 592 1465 Ἑρνίκων
617 1386 667 1452 διοδ
691 1389 746 1462 riv
770 1384 906 1469 ἔναγχος
932 1386 1125 1463 ΓΕΝομένκν
1149 1387 1255 1458 αὐτοῖς
1280 1386 1338 1450 ὑπὸ
1363 1387 1436 1450 Ῥυ-

244 1491 344 1568 μαίον
368 1493 587 1558 ἰσοπολιτείαν.
623 1493 717 1559 Nihil
740 1496 856 1560 certius
880 1499 928 1560 est
951 1514 1048 1580 qnam
1066 1492 1236 1580 Sylburgii
1256 1490 1437 1558 emendatio

245 1599 442 1677 ΔΕΔομέννν
453 1646 462 1677 ,
488 1619 584 1684 qnam
608 1601 675 1664 sine
699 1620 789 1665 mora
811 1606 971 1685 receptam
996 1600 1148 1684 oportuit.

290 1807 370 1895 Peg.
395 1805 494 1872 2162.
519 1810 661 1890 οίφορμθιν
685 1810 830 1891 κρασίςνν
855 1808 1066 1887 ὑπολαβόντες
1096 1809 1232 1874 ἐκεῖνον
1256 1811 1285 1874 οἱ
1309 1807 1437 1892 πολέμῳ

244 1913 444 1993 κρατηθέντες
480 1913 534 1978 ὑπ’
569 1918 677 1990 αὐτῆς.
723 1916 787 1982 Pro
820 1917 924 1980 ἐκεῖνον
948 1917 973 1979 οἱ
998 1915 1110 1980 Editor
1132 1914 1295 1980 infelicem
1319 1912 1438 1980 Oasau-

245 2020 321 2085 boni
352 2020 566 2084 coniecturam
599 2021 729 2086 Αἰκανοί
759 2024 888 2107 recepit.
936 2019 1053 2085 Hostes
1076 2022 1282 2085 nominantur
1305 2020 1439 2086 demum

244 2127 279 2189 in
308 2145 373 2210 sqq.
423 2125 552 2203 Σαβῖνοι
587 2126 656 2213 (μέν
684 2127 769 2215 add.)
784 2165 825 2176 -
840 2127 965 2192 Λίιιανοί
991 2125 1033 2191 δέ.
1080 2125 1163 2192 Vera
1184 2126 1279 2191 leutio
1303 2126 1342 2192 ab
1367 2130 1438 2212 ipso

246 2251 370 2317 quoque
393 2235 517 2316 reperta
540 2235 588 2297 est
613 2231 825 2311 ὑπολαβόντες
845 2235 990 2298 ”exem
1014 2242 1057 2298 01
1080 2232 1206 2313 πολέμῳ
1226 2231 1438 2314 κρατηθέντες.

291 2441 371 2531 Peg.
397 2441 496 2508 2162.
522 2442 607 2507 κατόν
631 2442 683 2507 τόν
706 2444 800 2508 αὐτόν
824 2441 929 2524 χρόνον
953 2441 1083 2520 Σαβῖνοι
1099 2443 1185 2505 -ἐν
1208 2443 1324 2524 Ἡρίσιρ
1344 2466 1440 2508 κατε·

245 2548 688 2629 ςρατοπέδευσαν-Λίκανοὶ
721 2550 875 2614 ΔΕ-ἐν
908 2548 1047 2628 Ἀλγίδῳ
1085 2545 1201 2634 [πόλει]
1225 2548 1360 2613 τίθενται
1385 2548 1439 2614 τόν

245 2655 389 2739 χνίρακα.
426 2653 648 2740 Supplendum
673 2655 802 2734 Σαβῖνοι
826 2656 910 2740 (μὲν)
928 2665 960 2719 et
978 2653 1269 2720 ntasr'delendum.
1304 2655 1440 2721 Utrum-

196 2744 199 2750 4
246 2783 307 2848 que
338 2764 425 2828 enim
457 2762 540 2846 apud
570 2761 761 2848 Dionysium
791 2761 912 2848 legitur
941 2761 1093 2839 ”Αλγιδον
1116 2758 1207 2832 πόλις
1232 2767 1264 2826 et
1283 2763 1438 2841 Ἄλγιδνν

246 2867 326 2950 όρος,
351 2868 406 2935 sed
430 2888 492 2933 non
511 2871 545 2933 in
568 2870 658 2953 orbe,
682 2870 809 2953 opinor,
834 2868 889 2932 sed
913 2869 947 2932 in
971 2874 1066 2932 monte
1089 2872 1192 2932 eastra
1213 2875 1396 2953 posuerant.

291 3078 372 3167 Peg.
405 3077 505 3146 2163.
535 3086 670 3159 παρεῖχε
701 3077 728 3143 δ’
761 3079 866 3150 αὐτοῖς
891 3078 1010 3150 πολλὴν
1033 3075 1164 3156 οίπορίαν
1187 3081 1302 3157 πρῶτον
1326 3077 1435 3154 μένεί

246 3184 370 3258 ποίυτας
397 3184 565 3263 Ῥωμαίους
587 3185 636 3249 ἐπὶ
662 3178 704 3249 τόν
727 3179 813 3250 θπλα
835 3182 970 3248 ἈΚτέον
997 3183 1049 3248 καί
1074 3182 1144 3255 τοὺς
1168 3183 1436 3266 ἈΠΕχθομένους

246 3302 284 3375 τῇ
320 3291 472 3375 πολιτείᾳ.
520 3291 670 3355 Primum
704 3293 804 3357 scribe
839 3288 995 3356 ΚΛΗτέον
1029 3311 1085 3376 pro
1123 3288 1270 3356 ἈΚτέοκ
1317 3299 1461 3379 ΚαλείνΙ

246 3399 297 3465 ἐπὶ
329 3399 371 3463 τόν
401 3394 488 3462 θπλα
518 3397 553 3461 in
583 3418 620 3463 ea
649 3419 683 3464 re
715 3397 856 3464 solemne
886 3401 934 3464 est
958 3401 990 3462 et
1012 3396 1171 3483 frequens,
1189 3401 1235 3462 ut
1256 3395 1372 3464 Latine
1395 3398 1438 3462 οό

248 3528 331 3570 mma
354 3527 469 3571 sorore.

291 3609 414 3678 Deinde
437 3610 561 3677 duabus
582 3607 722 3677 literulis
742 3611 908 3695 expunctis
928 3607 1118 3697 legendum:
1139 3611 1209 3683 τοὺς
1230 3608 1436 3690 Ἀχόνμένους

248 3727 287 3802 τῇ
320 3717 476 3800 πολιτεία.
523 3716 637 3804 Lysias
659 3718 731 3782 κατ’
755 3716 926 3797 Ἀγοροίτου
950 3737 1024 3805 pag.
1050 3715 1126 3782 120.
1152 3715 1204 3782 33.
1231 3716 1359 3795 Θέογνις
1382 3716 1435 3782 καὶ

247 3822 367 3889 Πείσων
391 3821 607 3902 ἔλεγον-ὦς
631 3818 690 3888 είέν
714 3845 794 3898 τινες
818 3833 856 3907 τῇ
882 3823 1024 3906 πολιτεία
1047 3822 1225 3903 ἀχθόμενοι.

295 4034 374 4122 Peg.
406 4032 505 4099 2164.
537 4041 591 4108 τῆς
624 4033 820 4116 δημαρχικῆς
851 4032 987 4109 ἐξουσίας
1020 4033 1296 4112 καταλελυμένης,
1321 4029 1340 4115 ᾗ
1362 4029 1439 4113 μόνρ

250 4141 335 4207 κατόν
368 4138 473 4216 νόμους
507 4139 575 4217 ἐξῆν
607 4141 812 4206 ἐναντιοῦσθαι
842 4148 905 4212 τοῖς
931 4138 989 4204 ὑπὸ
1011 4144 1068 4203 τῶν
1091 4139 1250 4204 δυναΟτῖιι
1273 4139 1437 4204 ἐπιταττο-

250 4247 360 4326 μένοις.
411 4246 555 4315 Δυναςαί
586 4252 662 4312 sunt
692 4245 807 4329 repuli,
840 4252 872 4311 et
902 4248 947 4311 sie
976 4266 1068 4331 saepe
1091 4244 1216 4333 legitur
1233 4246 1379 4325 βασιλεῖς
1402 4269 1437 4309 σε

251 4353 304 4422 καὶ
336 4353 484 4431 δυναςαί,
517 4355 573 4440 qui
604 4355 755 4438 quoniam
785 4352 907 4419 Romae
936 4371 1000 4419 non
1022 4357 1112 4417 erant
1133 4351 1367 4418 restituendum
1390 4356 1438 4419 est
