3076 5004
712 293 756 381 45

138 509 244 572 emant
285 507 475 574 Lexiaornm
517 506 695 572 conditores
734 508 791 592 qui
823 504 1033 572 Homericum
1069 503 1246 586 ἐξεκυλίσθη
1282 509 1329 586 (et

137 612 260 679 similia
283 616 403 699 omnia)
429 614 469 681 ad
492 613 620 679 ἐκκυλίυ
643 613 839 698 retulerunt,
865 633 945 697 quae
967 632 1036 677 sero
1058 616 1133 677 nata
1157 617 1190 678 et
1213 614 1329 679 vitiosa

137 719 241 786 forma
264 727 323 786 est.
369 719 423 787 Sin
446 718 630 786 Dindorfius
653 741 691 785 ex
714 719 938 804 Aristophanis
963 717 1129 801 Theonopt.
1155 716 1232 784 651.

389 829 432 899 εἷς
455 822 494 892 ol'
520 826 654 904 ἐμαυτὸν
677 825 842 889 ε’σεκύλισοι
867 824 1057 904 πράγματα.

138 930 262 997 effinxit
284 953 431 1018 praesens
454 933 595 998 είσκυλίυ
619 952 676 1018 pro
698 931 892 1008 εἷσκυλίνδυ,
916 929 1130 1016 similiterque
1154 937 1277 996 erratur
1296 935 1330 997 in

138 1041 272 1104 caeteris
294 1025 496 1126 'compositis
544 1038 718 1125 Dionysius
741 1038 849 1123 obiqroe
870 1036 974 1102 forma
997 1038 1123 1102 novicia
1148 1039 1268 1122 utitur,
1292 1043 1331 1103 ut

138 1165 213 1234 pag.
248 1144 346 1210 1594.
379 1143 614 1227 προκυλιόμεναι
644 1147 702 1208 τῶν
733 1142 859 1219 ξοοὶνυν.
887 1163 960 1230 pag.
988 1140 1085 1206 1596.
1112 1143 1232 1221 ματέρα
1257 1143 1329 1224 πρὸς

139 1258 203 1322 τοῖς
228 1251 339 1317 ἑαυτοῦ
363 1250 473 1330 γόνασι
498 1251 688 1327 κυλιομένην.
712 1271 785 1336 pag.
813 1248 911 1314 1631.
937 1251 962 1314 εἰ
986 1248 1018 1312 δὲ
1041 1243 1249 1315 ὅσιον-υἱοῦ
1276 1250 1330 1329 γό-

140 1381 210 1422 νασι
235 1360 470 1438 προσκυλίεσθαι
493 1359 633 1437 μητέρα,
659 1361 692 1422 ot
715 1355 787 1421 aliis
810 1355 899 1421 locis.

186 1461 344 1530 Omnibus
372 1462 502 1531 Graecis
533 1466 762 1548 cuiuscumque
794 1465 907 1527 aetatis
936 1465 1116 1527 eommunis
1151 1467 1199 1528 est
1229 1463 1332 1530 forma

138 1571 368 1656 καλινδεῖσθαι,
412 1570 678 1649 ἕρκαλινδεῖσθαι,
721 1569 1005 1650 προκαλινδεῖσόαι,
1047 1574 1085 1632 ut
1128 1571 1332 1656 111·ο1λίνδυο,

138 1675 287 1752 ἕξαλίνδιο
314 1676 489 1766 (ἐξαλίσας)
512 1677 698 1763 producitur
721 1673 918 1739 οὶλινδεῑσόαι.
956 1673 1170 1741 Καλινδεῖσθαι
1196 1683 1243 1742 est
1263 1698 1334 1762 pro-

138 1785 209 1868 prie
232 1784 364 1848 volutari
387 1782 501 1848 deinde
524 1787 562 1847 ut
585 1782 619 1845 ia
643 1783 705 1845 θκίο
729 1781 860 1844 volutari
884 1778 1043 1866 significat
1062 1781 1096 1845 ia
1115 1784 1201 1847 rebus
1217 1785 1335 1868 :porcia

139 1895 169 1954 et
198 1890 330 1954 sordidis
360 1896 387 1954 et
410 1889 575 1974 floqitioeie
605 1887 740 1963 υσνκσνίς
773 1891 805 1953 et
839 1889 885 1952 sic
918 1886 1093 1973 Dionysius
1128 1889 1268 1955 dixerat:
1302 1892 1332 1956 ἐν

140 2005 244 2078 πολλῇ
268 1995 490 2080 κακοδαιμονία
514 1994 772 2071 κλλινδουριένων.

185 2101 322 2167 Factum
357 2107 405 2167 est
440 2106 548 2166 autem
584 2098 816 2167 Graeculorum
850 2119 954 2164 errore
989 2105 1025 2164 ut
1061 2102 1165 2168 mixta
1200 2107 1334 2189 utraque

138 2208 244 2274 forma
279 2228 318 2272 ex
353 2207 480 2272 κυλίνδον
515 2213 547 2272 et
581 2207 786 2285 uarietatem
817 2211 1000 2270 nosceretur
1030 2206 1229 2284 κυλινδοῦμαι
1261 2230 1333 2274 oum

141 2317 342 2399 compositis,
376 2314 460 2393 quod
487 2315 606 2398 passim
630 2315 664 2377 in
688 2311 779 2376 libris
801 2311 880 2377 Mss.
906 2319 938 2376 et
963 2314 997 2376 in
1021 2315 1217 2398 optimorum
1241 2318 1336 2401 scrip

138 2425 249 2485 torum
281 2419 474 2485 editionibus
503 2419 625 2506 legitur
656 2418 710 2484 sed
742 2438 814 2483 cum
846 2419 928 2483 vitio
960 2417 1106 2483 ambulat
1137 2426 1170 2485 et
1193 2421 1336 2506 undique

140 2531 189 2591 est
212 2524 443 2612 expellendum.

64 2713 67 2717 ⁷
187 2630 460 2710 Ἐγκαλινδεῖσόαι
494 2634 528 2696 in
558 2653 592 2697 re
623 2631 714 2697 foeda
746 2652 782 2696 ae
813 2632 901 2715 turpi
938 2631 1083 2714 frequens
1116 2634 1173 2696 est.
1220 2633 1337 2700 Forma

140 2739 384 2816 ἕνκυλινδεῖσόαι
418 2738 504 2823 apud
532 2737 676 2803 Dindorf.
710 2737 751 2802 ad
782 2735 837 2802 Su.
873 2735 924 2801 'lu
970 2742 1134 2801 auctorem
1165 2738 1279 2819 habet,
1295 2745 1337 2807 -si

140 2845 246 2912 Musis
277 2845 401 2930 placet,
432 2843 682 2930 Moschopulum
714 2843 890 2908 dicentem:
924 2842 1150 2908 ἕνειλιυδεῖσόαι
1181 2846 1249 2910 eorl
1283 2853 1336 2912 τοῦ

140 2950 404 3029 &recurrentium
437 2951 492 3015 scd
525 2950 621 3015 homo
653 2952 837 3035 scripserat:
871 2948 1099 3042 ἕνΑλινδεῖσθαι
1131 2957 1163 3014 et
1186 2951 1337 3028 ἕρκΑλιν-

141 3058 269 3123 δεῖσθαι.
318 3056 372 3122 sie
404 3062 436 3122 et
465 3055 659 3121 Plutarchus
690 3055 820 3121 dederat
843 3058 876 3120 in
906 3054 1017 3119 Othone
1041 3076 1108 3141 cap.
1134 3055 1165 3121 2.
1190 3058 1248 3130 τοὶς
1271 3059 1338 3124 οἶνο-

142 3163 225 3234 σίους
250 3163 280 3227 ἕν
305 3162 428 3242 γυναιξὶ
454 3163 575 3242 πόρναις
602 3163 653 3225 καί
676 3162 859 3239 οὶκοοθοέρποις
882 3160 1139 3241 ἕρκΑλινδνθσεις,
1160 3184 1223 3229 non
1246 3165 1338 3243 ἐγκυ-

140 3269 301 3344 λινδήσεις.
348 3269 502 3335 Eiusdem
536 3268 655 3333 farinae
690 3272 765 3332 sunt
802 3265 1062 3347 προκυλινδεῖσθαι
1100 3273 1131 3332 et
1169 3285 1333 3346 συρκυλιν-

139 3376 274 3454 δεῖσίαι,
299 3397 379 3462 quae
403 3381 540 3441 correcta
563 3394 803 3458 nonnumquam
831 3394 869 3438 ex
892 3373 1022 3456 optimis
1046 3370 1138 3438 libris
1171 3377 1220 3463 (ut
1245 3375 1330 3461 apud

138 3480 310 3548 Isocratem
349 3502 423 3568 pag.
465 3479 518 3547 72.
548 3503 573 3545 ο.
606 3479 900 3561 προκΑλινδούμευοι
931 3498 970 3542 ex
1003 3475 1171 3567 Urbinate)
1201 3484 1333 3548 caeteris

138 3586 218 3654 loeis
241 3589 389 3653 omnibus
412 3587 597 3673 corrigenda
620 3595 704 3653 sunt.

186 3798 266 3887 Pag.
301 3795 377 3865 278.
410 3798 436 3862 οἱ
468 3796 511 3861 τόι
544 3797 629 3861 κοινόο
661 3805 756 3862 ΠΕΡΙ
788 3804 843 3871 τῆς
873 3795 990 3871 πόλεως
1015 3795 1083 3878 ίερόι
1108 3803 1325 3875 συντελοῦντες

139 3907 309 3972 imovero
333 3908 449 3970 ’ΥΠΕΡ
472 3912 526 3979 τῆς
554 3902 691 3981 πόλεως,
715 3909 753 3968 ut
778 3906 898 3988 opinor.

188 4115 269 4204 Pag.
305 4113 382 4180 283.
414 4117 456 4186 είς
492 4114 565 4179 αἰδῶ
597 4114 649 4178 καὶ
681 4113 820 4194 πρόνοιαν
853 4113 1039 4188 κατασείσας
1073 4109 1183 4182 ἕκαςον
1215 4121 1269 4179 τοῦ
1293 4120 1336 4194 μὴ

143 4230 340 4287 Καταλιπεῖν
372 4222 422 4285 τὸν
455 4222 653 4301 παραςοίτκν.
701 4220 773 4285 Non
803 4219 863 4285 hoc
888 4220 962 4285 boni
984 4219 1101 4283 militis
1124 4219 1266 4286 officium
1290 4230 1339 4289 est

143 4327 199 4394 sed
230 4331 274 4407 μὴ
311 4331 579 4402 ’ΘΓκαταλιπεῖν,
616 4349 675 4390 nore
710 4328 861 4403 deserere,
896 4348 955 4389 νιοα
990 4327 1150 4390 destituere
1179 4328 1213 4390 in
1244 4329 1339 4396 malis

142 4435 365 4522 periculisque.
412 4434 573 4519 Frequens
597 4433 772 4500 admodum
796 4430 944 4498 inlibris
965 4431 1019 4497 hio
1043 4451 1128 4497 error
1153 4438 1214 4499 est.
