3076 5004
826 298 868 372 36

258 494 328 568 τοὺς
359 493 478 574 μαςοὺς
510 496 691 577 ἐπέχουσα.
738 490 885 562 Acrisius
915 501 1000 564 recte
1029 495 1150 585 legitur
1179 516 1253 584 pag.
1286 494 1363 563 218.
1388 496 1446 571 την

257 601 497 681 τιθηνησαμένην
520 603 563 668 τόι
587 602 698 668 παιδία
721 602 775 668 καὶ
799 604 918 682 μαςοὺς
943 605 1146 686 ἐπισχοῦσαν.
1214 609 1218 623 “

303 815 381 903 Pag.
409 812 486 880 205.
506 808 540 887 ἣν
565 814 684 899 (casam
707 813 853 907 Romuli)
876 814 1090 896 Φυλοόττουτιν
1115 815 1196 896 ἱερόον
1221 810 1262 890 οἶς
1293 815 1446 880 τούτων

257 920 413 1000 ἐπιμελές.
460 920 608 986 Dixerat:
633 914 676 992 οἷς
700 925 809 986 τοῦτ’
834 921 996 1002 ἐπιμελές,
1022 924 1128 1010 quibua
1151 943 1374 988 cccccccccc.

298 1129 379 1218 Pag.
411 1128 486 1196 205.
521 1134 643 1213 η’τιῶντο
667 1131 699 1196 δὲ
723 1132 880 1207 ἀλλήλους
904 1132 921 1209 ἢ
946 1135 1001 1209 την
1024 1135 1069 1212 μη
1093 1133 1302 1215 προσήκουσαν
1323 1130 1445 1213 όργοόδα

255 1235 440 1314 κατανέμειν
455 1237 527 1313 -ἢ
553 1237 570 1303 ό
590 1261 620 1302 τι
645 1238 758 1312 δήποτε
781 1239 881 1319 τιν’χοι.
927 1238 991 1304 ἘΚ
1017 1239 1047 1305 δὲ
1071 1247 1127 1313 τῆς
1150 1241 1215 1305 κτὲ.
1250 1239 1445 1305 Meminerat

255 1351 311 1416 τοῖς
341 1349 399 1408 τῶν
431 1344 603 1434 Μεγαρέων
635 1342 764 1424 όργοόδος
796 1366 835 1410 ex
865 1345 1078 1412 Demosthene
1107 1366 1181 1435 pag.
1210 1342 1286 1411 175.
1311 1344 1365 1410 24.
1390 1343 1444 1410 cui

249 1469 317 1526 ¹non
347 1455 415 1515 erat
445 1451 499 1516 hic
528 1450 634 1536 locus,
666 1453 742 1536 quia
770 1450 865 1532 όργοός
896 1456 945 1517 est
967 1460 1011 1530 γῆ
1034 1451 1100 1532 ἱεροὶ
1124 1457 1157 1517 et
1178 1451 1252 1515 Βοός
1274 1458 1444 1522 οοαςοοναόο

254 1553 399 1643 ΤΙιυορό.
426 1555 453 1621 Ι.
480 1554 555 1622 139.

299 1661 337 1727 In
366 1660 427 1728 fine
453 1663 516 1729 lcci
540 1665 724 1748 scripserat:
749 1663 766 1738 ἢ
791 1658 810 1727 ό
830 1687 859 1728 τι
884 1663 997 1738 δήποτε
1020 1663 1190 1745 τόχοιθΝ,
1215 1668 1253 1728 ut
1275 1663 1360 1748 apud
1381 1663 1443 1730 De

253 1768 454 1835 mosthenem
473 1790 547 1856 pag.
571 1766 665 1834 1275.
691 1767 743 1834 15.
765 1769 926 1852 φήσαντες
945 1769 1009 1851 γόιρ
1029 1769 1186 1852 καπνίζειν
1206 1769 1372 1843 αὐτοὺς-
1388 1770 1440 1835 καὶ

251 1881 352 1948 κακῶς
387 1874 492 1954 λέγειν
509 1901 510 1904 “
528 1876 558 1963 (ἢ
595 1875 681 1962 add.)
715 1872 734 1940 ό
761 1899 791 1942 τι
821 1876 957 1959 τύχοιεν.
1003 1875 1058 1943 Sic
1088 1879 1175 1942 enim
1206 1896 1315 1942 omnes
1345 1877 1441 1943 verbo

251 1979 423 2064 τυγχοόνειν
447 1982 628 2047 utebantur.

299 2192 381 2280 Pag.
401 2190 478 2258 206.
499 2191 541 2265 εἷς
562 2217 591 2258 τι
615 2193 721 2274 χωρίον
741 2194 886 2259 Καινόναν
906 2192 1133 2274 ὀνομαζόμενον.
1168 2194 1259 2259 Libri
1278 2197 1439 2272 καινιμοῖν,

253 2302 389 2366 correxit
419 2299 613 2387 Sylburgius
635 2302 669 2364 in
693 2305 824 2365 accentu
846 2321 985 2385 peccans.
1034 2300 1079 2366 Ut
1102 2303 1188 2365 anim
1210 2300 1325 2379 Αἴγινα
1350 2303 1441 2378 Αἰγι-

138 2472 141 2482 ,
252 2408 343 2482 νήτης
368 2411 400 2471 et
420 2404 557 2483 Βέλβινα
577 2405 765 2483 Βελβινήτης
788 2407 951 2485 dicebant,
974 2410 1071 2472 sicet
1096 2406 1222 2472 Καίνινα
1247 2409 1436 2482 Καινινότης.

251 2511 350 2598 Saepe
380 2515 414 2577 in
443 2513 494 2584 his
524 2515 648 2597 peccari
678 2513 812 2578 videbis.
839 2512 985 2592 ‚Passim
1016 2516 1051 2578 in
1081 2516 1200 2581 vicinia
1221 2513 1440 2599 Kiesslingius

251 2623 426 2685 Καινινιτῶν
450 2618 561 2684 edidit.
596 2617 717 2684 Melius
740 2618 920 2705 Stephanus
942 2623 977 2685 in
999 2642 1032 2694 r.
1059 2618 1092 2684 τό
1117 2620 1226 2686 ἕόνικδν
1249 2628 1438 2695 Καινινιῑται.

293 2829 374 2916 Pag.
407 2826 484 2894 211.
515 2827 568 2893 τὸν
599 2833 712 2904 Ῥῶμον
743 2830 826 2908 ἤρετο
853 2828 899 2902 τός
924 2827 1045 2903 εἴηκαὶ
1071 2830 1178 2914 τόνων,
1202 2833 1240 2902 ὡς
1264 2832 1317 2896 οὐκ
1341 2829 1379 2896 cir
1403 2830 1437 2895 ἕκ

247 2940 305 3001 τῶν
328 2933 484 3015 τυχόντων
508 2957 547 3011 γε
570 2939 702 2999 τοιοῦτον
725 2932 821 3016 ἄνδρα
844 2934 1013 3013 γενόμενον.
1050 2933 1272 3022 Supplendum
1294 2936 1346 3002 aci
1371 2936 1437 3001 ἘΚ

247 3043 352 3120 τόνων,
384 3046 422 3105 ut
445 3061 569 3125 semper
591 3040 709 3118 οόγαόὸς
734 3041 787 3105 καὶ
813 3040 846 3118 ἕξ
870 3042 1013 3126 οόγαόῶν,
1037 3041 1172 3120 βελτίων
1196 3043 1247 3107 καὶ
1273 3044 1307 3107 ἐκ
1329 3043 1438 3122 βελτι-

247 3147 335 3224 όνων,
362 3146 465 3217 δοῦλος
489 3147 542 3212 καὶ
569 3147 602 3211 ἐκ
628 3146 738 3211 δούλων
763 3152 795 3212 et
815 3147 936 3213 similia
955 3147 1061 3213 multa
1080 3149 1247 3234 dicuntur,
1268 3155 1306 3215 ut
1324 3153 1402 3216 stati

248 3257 290 3320 ἔκ
313 3260 370 3319 τῶν
394 3251 552 3334 τυχόντων
576 3253 748 3331 γενόμενον.

294 3466 375 3553 Pag.
403 3463 480 3530 215.
505 3466 537 3529 οὐ
562 3464 624 3544 γόιρ
650 3461 694 3528 ἔτι
719 3462 830 3528 δίκαιοί
852 3465 925 3528 εἰσιν
951 3464 981 3528 ἕν
1004 3463 1163 3544 βουκόλοις
1183 3465 1235 3531 καὶ
1257 3465 1355 3547 οὶδόὲιρ
1375 3467 1435 3551 βίῳ

249 3573 302 3655 ζῆν
338 3569 445 3648 ἔμοιγε
480 3568 563 3643 όντες
599 3577 773 3647 συγγενεῖς.
820 3567 957 3635 Mirifice
992 3569 1181 3656 copulantur
1213 3574 1243 3636 ε’ν
1276 3572 1435 3650 βουκόλοις

248 3679 299 3744 καὶ
321 3676 418 3758 ἀδόξῳ
440 3676 498 3755 βόιρ
518 3675 580 3756 ζῆν.
616 3675 783 3760 Expuncto
803 3677 856 3740 καί
873 3675 1047 3765 legendum
1067 3678 1097 3740 ε’ν
1116 3676 1274 3754 βουκόλοις
1296 3679 1435 3755 όιδοξΟΝ

245 3787 344 3865 βίΟΝ
377 3782 441 3863 ζῆν.
488 3779 676 3847 Οοηυοοοοοο
706 3784 792 3846 enim
824 3778 938 3848 Graeci
969 3804 1079 3849 omnes
1102 3784 1249 3850 dicebant
1271 3785 1339 3864 βίον
1362 3787 1434 3869 ζῆν,

247 3893 337 3970 λαγὼ
369 3890 436 3968 βίον
461 3887 529 3969 ζῆν,
556 3886 608 3968 ζῆν
629 3887 699 3965 ,βίον
723 3887 858 3966 οὶβόωτον
880 3895 913 3954 et
935 3891 1028 3968 sim,
1053 3895 1085 3956 et
1108 3893 1291 3976 saepissime
1314 3892 1435 3983 Diony·

246 4002 313 4066 eius
343 4002 375 4061 et
405 3997 474 4078 ipse
505 3996 552 4059 ita
574 3993 726 4078 loquitur.
754 4015 828 4082 pag.
854 3994 931 4061 233.
957 3995 1024 4073 βίον
1046 3995 1188 4072 Ἕλληνα
1214 3997 1333 4078 ζῶντες.
1357 4022 1433 4091 pag.

248 4103 325 4172 299.
356 4100 523 4179 γεωργικὸν
554 4099 621 4177 βίον
644 4100 709 4194 ζῆν.
732 4122 806 4189 pag.
832 4100 906 4166 853.
933 4100 1050 4176 ἰδιώτην
1074 4103 1141 4178 βίον
1166 4103 1228 4184 ζῆν.
1252 4126 1327 4193 pag.
1355 4105 1431 4173 956.

247 4213 388 4288 σώφρονα
411 4207 463 4271 καὶ
489 4206 628 4287 αὐταρκη
652 4207 719 4284 βίον
744 4206 812 4288 ζῶν.
839 4229 910 4296 pag.
937 4206 1037 4273 2002.
1061 4209 1256 4290 ταλαίπωρον
1280 4211 1330 4290 ἔζη
1354 4214 1433 4290 βίον.

243 4338 318 4405 pag.
346 4309 446 4378 2037.
471 4312 639 4392 αὐτουργὸν
663 4311 713 4395 ἔζη
736 4314 815 4393 βίον.
863 4314 976 4400 itaque
998 4336 1082 4380 nunc
1105 4336 1229 4401 quoque
1252 4317 1375 4385 dixerat
1403 4322 1434 4385 ἐν

244 4419 402 4504 βουκόλοις
426 4416 531 4496 όιδοξον
554 4420 623 4498 βίον
647 4418 712 4501 ζῆν.
