3076 5004
794 247 841 358 ὀι

267 483 349 578 Pag.
375 480 428 550 17.
451 484 494 548 πά
517 483 574 562 μὲν
599 483 721 563 ἀρχαῖα
744 485 803 544 τῶν
824 482 937 561 ι’ςοριάν
956 481 1070 548 vitiose
1091 480 1214 547 dictum
1233 483 1290 546 est.
1326 480 1413 567 Lege

223 604 281 662 τῶν
307 591 517 675 ι’·ςορονμόναν,
541 594 579 654 ut
601 609 677 676 pag.
706 586 757 653 12.
783 587 826 652 πόι
850 588 980 686 παλαιός
999 593 1057 652 πῶν
1081 587 1287 669 όςορονμέναν.

269 807 349 893 Pag.
384 803 435 868 18.
472 801 624 882 (historic)
658 806 740 863 ποιεῖ
761 801 815 869 σόον
840 798 946 872 θνντθν
969 799 1063 877 Φύσιν
1087 799 1260 875 ὁμοιοῦσθαι
1284 809 1321 882 τῇ
1348 800 1414 884 trip

224 914 275 978 xci
301 915 345 991 pt
366 908 619 982 συναποθνήσκειν
643 906 769 993 [αὐτῆς]
791 909 833 970 τοὶ
855 905 934 986 ἔργα
955 915 1018 978 τοῖς
1039 903 1189 984 σώμασιν.
1224 905 1415 971 Rectissime

224 1032 246 1085 B
273 1021 369 1094 αὐτῆς
393 1018 526 1082 omittit.

268 1228 388 1293 Eodem
419 1225 513 1290 modo
544 1246 619 1311 pag.
657 1223 708 1289 19,
745 1263 787 1273 -
806 1222 1015 1297 iactatiactat
1040 1224 1095 1297 τὴν
1119 1224 1255 1300 ἐμαυτοῦ
1280 1222 1414 1288 διοόνοιαν

225 1332 271 1400 ότι
295 1335 396 1416 zon-st
421 1331 493 1412 πρός
517 1328 662 1400 ἅπαντας
686 1330 884 1416 [ἀνθρώπους]
905 1331 950 1398 ἐς)
971 1330 1041 1406 τοὺς
1062 1330 1217 1407 ἀγαθούς,
1240 1330 1415 1395 molestum

224 1448 256 1507 et
273 1442 535 1525 compositionem
552 1439 722 1503 verborum
740 1439 870 1502 turbans
887 1437 1055 1516 ἀνθρώπους
1073 1442 1237 1523 auctoreB
1257 1457 1412 1524 expungo.

268 1650 349 1736 Pag.
386 1646 439 1712 19.
475 1646 671 1727 χαριςνρόονς
708 1647 848 1724 ἀμοιβόος
873 1685 914 1695 -
936 1647 1205 1712 ἈΝΤαποδοόνοοι
1240 1655 1278 1728 τῇ
1314 1646 1414 1713 πόλει.

222 1756 350 1822 Revoca
381 1757 569 1840 scripturam
601 1754 757 1819 librorum
789 1753 980 1819 ’ἀποδοῦναιΙ
1029 1753 1122 1834 Χάριν
1147 1753 1321 1820 ἀποδιδόναι
1347 1775 1413 1819 om·

222 1884 278 1929 nes
302 1863 467 1940 dicebant,
491 1883 554 1928 non
578 1859 830 1945 ἀνταποδιδόναι,
854 1882 910 1947 pro
932 1861 1062 1942 qratiam
1085 1862 1212 1945 efferre.

268 2074 348 2161 Pag.
382 2071 436 2137 25.
472 2072 506 2136 τό
539 2073 697 2136 Σικελικόν
729 2072 815 2150 γένος
847 2073 1131 2145 ἈΠαναςόοαντες
1156 2071 1190 2148 ἐξ
1214 2076 1321 2145 αὐτῆς.
1359 2074 1414 2139 Di-

224 2181 316 2246 cendi
349 2179 541 2244 consuetudo
573 2200 646 2243 cum
679 2182 724 2243 rei
754 2184 869 2243 natura
899 2199 1074 2266 congruens
1105 2179 1247 2264 postulat
1279 2180 1414 2247 ἘΞοονα-

226 2288 388 2359 ςόσαντες.
437 2284 500 2365 Qui
530 2308 585 2348 aaa
608 2286 760 2348 νοόιιαόαόο
783 2285 844 2348 ctio
867 2285 997 2365 ναόριοαό
1021 2286 1170 2349 dicuntur
1193 2291 1410 2362 ἀπαναςῆναι,

224 2395 279 2478 qui
302 2414 361 2474 per
391 2390 450 2454 νόοιο
480 2390 571 2453 avitia
598 2391 716 2454 aedibus
739 2393 927 2475 ονροόόιιιοόιιν
952 2388 1147 2466 ἐξαναςῆναι.
1194 2391 1242 2456 De
1264 2392 1415 2477 plurimis

223 2497 379 2582 exemplis
401 2517 502 2582 pauca
524 2496 602 2561 haec
627 2497 803 2562 considera:
830 2518 903 2584 pag.
933 2495 985 2561 50.
1012 2495 1259 2573 ἕξοναςόοανπες
1289 2497 1413 2570 αὐτούς.

222 2625 294 2691 pag.
329 2602 382 2667 58.
417 2603 474 2666 ὑπὸ
509 2603 662 2681 Οἰνωτρῶν
695 2601 896 2696 ε’ξαναςῆναι,
931 2609 1057 2690 etpost
1083 2623 1201 2690 pauca:
1228 2602 1414 2680 ε’ξαναςῆναι

222 2708 276 2773 ὑπ’
309 2708 499 2787 Ὀμβρικῶν.
547 2705 664 2772 Contra
696 2730 770 2796 pag.
806 2709 859 2774 82.
895 2710 1098 2781 ἀπανόςνσαν
1137 2710 1175 2775 de
1205 2713 1246 2775 iis
1277 2710 1412 2795 dicitur,

223 2818 361 2901 quisue
385 2819 494 2900 sponte
519 2812 616 2878 aliam
641 2815 747 2879 sedem
772 2818 834 2882 sibi
857 2818 1095 2902 quaesivissent.

271 3027 345 3094 Sine
381 3028 591 3092 controversia
627 3049 666 3092 ex
701 3028 830 3094 Catonis
866 3027 1039 3110 Ονόρόαόόιιο
1067 3034 1175 3094 sumta
1208 3035 1299 3114 sunt,
1336 3051 1416 3116 quae

225 3136 336 3200 scribit
365 3155 440 3220 pag.
471 3132 525 3198 29.
559 3133 718 3207 Ἕλλανας
744 3136 856 3208 αὐτοὺς
883 3136 1084 3220 (Αόονόρόαοο)
1107 3132 1182 3199 εἶναι
1207 3135 1332 3213 λέγουσι
1357 3146 1415 3203 τῶν

226 3241 256 3304 ἕν
280 3239 403 3323 Ἀχαΐα
427 3240 502 3303 ποτὲ
526 3239 711 3311 οόκνσάνποον
735 3250 870 3312 πολλαῖς
892 3250 1015 3319 γενεαῖς
1041 3243 1179 3321 πρότερον
1203 3248 1256 3307 τοῦ
1278 3245 1413 3320 πολέμου

224 3350 278 3412 τοῦ
310 3349 444 3425 Τρωϊκοῦ
468 3345 724 3422 αεσαναςοόντας.
771 3347 863 3413 More
886 3349 1030 3413 Romano
1054 3350 1139 3413 enim
1165 3350 1194 3412 ἕν
1221 3348 1346 3434 Ἀχαΐα
1370 3351 1416 3415 di-

226 3455 309 3518 citur
339 3472 395 3537 pro
428 3452 456 3514 ἐν
488 3462 525 3532 τῇ
558 3453 701 3518 Ἐλλοόδι.
748 3454 860 3538 Itaque
891 3456 968 3518 iam.
982 3451 1060 3520 Cato
1083 3459 1118 3519 in
1147 3456 1301 3539 Ονόρόιοιιια
1324 3456 1417 3522 libris

227 3562 272 3625 sic
296 3557 464 3626 Graeciam
488 3559 678 3645 appellabat.

273 3770 353 3864 Pag.
380 3769 433 3838 32.
460 3771 515 3846 σόον
538 3771 633 3838 πλείω
655 3774 707 3837 ποῦ
729 3776 841 3853 eparci
862 3782 969 3856 μοῖραν
990 3773 1169 3854 'nycaena
1208 3771 1417 3843 Scribendum

226 3879 464 3960 ’θΠαρόριενος,
497 3885 535 3944 ut
566 3883 739 3946 sexcenties
764 3882 848 3967 apud
871 3882 1064 3970 Dionysium
1088 3887 1122 3949 in
1146 3884 1205 3949 tali
1228 3906 1261 3949 re
1285 3884 1417 3972 legitur.

169 4009 173 4018 “
228 3987 346 4055 Ducere
377 3990 555 4052 constanter
578 3984 668 4063 ἀρειν
692 3987 827 4072 dicitur,
851 4012 946 4053 ιοοανα
970 3992 1077 4055 ducere
1100 3991 1292 4077 incipentes,
1314 3997 1352 4057 ut
1375 4013 1418 4054 ac-

229 4114 293 4161 οιιέννι
307 4097 401 4181 ferre
425 4092 633 4174 ἐπιφέρεσθαι.

275 4302 312 4370 In
354 4298 506 4368 Antiochi
547 4302 728 4391 fragmento
762 4327 836 4396 pag.
873 4306 927 4373 34.
965 4306 1160 4393 reponendae
1194 4313 1268 4373 sunt
1299 4310 1418 4374 formae

229 4415 353 4485 Ionicae
377 4409 500 4486 Ἰταλόν
525 4412 675 4480 καλέεται
700 4418 732 4479 et
752 4415 975 4480 scribendum:
997 4415 1161 4498 Μόργητες
1182 4416 1347 4482 ε’ΛΕΓονοο
1365 4417 1425 4481 καὶ
