3076 5004
698 251 741 318 65

165 449 245 538 Peg.
271 442 348 513 471.
378 439 596 519 αναλαβθντες
609 480 650 493 ·-
663 444 843 516 κλεθσανπες
858 479 899 492 -
912 443 1119 522 θπΑΓθμενοι.
1141 447 1209 510 imo
1231 463 1306 512 voro

117 553 384 632 θπΑΓΔΓθμενοι.

166 769 245 856 Peg.
279 762 354 829 460.
388 767 447 829 πῶν
478 765 504 829 δ’
536 765 714 843 ὀδυρομένων
743 768 782 838 ὥς
811 768 864 830 οὐκ
889 764 927 830 θον
951 763 995 829 ἔτι
1019 775 1073 842 σῆς
1096 765 1196 847 τύκοις
1219 770 1308 846 σφᾶς

117 870 391 950 διαναςνσομθνιρς.
438 871 556 938 Misere
587 872 664 937 haee
695 879 842 958 corrupta
872 876 946 936 sunt
978 878 1010 938 et
1037 879 1074 937 nt
1097 873 1202 938 mults
1224 874 1310 958 apud

113 985 313 1070 Dionysium
344 983 424 1048 citra
454 982 642 1047 emendandi
665 1002 763 1067 spem.
812 980 952 1045 Foednm
977 984 1025 1045 est
1049 983 1146 1046 etiam
1170 979 1207 1046 ἄν
1231 1002 1306 1051 oum

102 1090 224 1177 saturo
246 1091 470 1166 coniunctum,
495 1088 550 1154 sed
572 1089 714 1177 deposita
736 1093 768 1153 et
792 1085 987 1155 conclamata
1009 1087 1087 1155 haec
1110 1093 1195 1156 sunt.

162 1302 243 1390 Peg.
268 1300 345 1366 462.
370 1301 505 1366 Horatia
530 1302 704 1387 (Camillam
728 1302 903 1387 euphoniae
921 1303 1027 1388 gratie
1050 1302 1210 1387 appellant
1229 1301 1305 1370 Gal·

111 1408 223 1474 lorum
247 1414 358 1494 potitae
381 1410 510 1496 tragici)
535 1409 643 1474 andito
666 1428 793 1495 pugnae
816 1412 933 1473 eventu
956 1429 1065 1473 amens
1087 1412 1185 1475 citato
1211 1432 1306 1476 cursu

113 1516 198 1581 urbo
220 1536 346 1602 egressa
369 1515 458 1581 videt
481 1514 612 1580 fratrem
636 1515 688 1579 καὶ
714 1516 939 1593 reintraturum
963 1515 1058 1579 αὑτοῦ
1082 1516 1231 1594 φέροντας
1263 1519 1307 1584 rat

110 1629 174 1686 τῶν
206 1621 438 1700 πεφονευμένων
471 1626 592 1696 σκῦλα,
625 1623 656 1686 ἕν
686 1617 729 1694 οἷς
762 1618 794 1695 ἦν
828 1623 946 1693 πέπλος
980 1624 1132 1706 ποικίλος,
1165 1620 1195 1688 ὃν
1224 1626 1305 1701 ariri

112 1727 203 1808 μετὰ
234 1737 291 1803 τῆς
322 1730 436 1809 μητρὸς
469 1728 652 1805 ἐξυφήνασα
676 1729 718 1808 τῷ
742 1736 870 1807 μνκςῆρι
896 1726 982 1806 δῶρον
1006 1729 1049 1799 εἰς
1073 1728 1124 1793 πθν
1147 1728 1305 1806 μέλλοντα

113 1834 221 1913 γάμον
245 1833 439 1907 enectam,
467 1834 631 1919 (ποικίλους
655 1834 718 1913 γὰρ
742 1833 804 1906 ἔθος
829 1833 891 1901 iris
914 1832 1137 1912 ἀμφιέννυσθαι
1166 1836 1304 1908 πέπλους

114 1942 257 2008 Λατίνων
288 1949 350 2013 τοῖς
380 1946 517 2017 μετιοῦσι
542 1942 601 2011 τὰς
626 1940 767 2026 νύμφας)
791 1945 896 2004 τοῦτον
920 1940 955 2012 δὴ
979 1940 1029 2003 σθν
1054 1941 1170 2004 πέπλον
1194 1945 1304 2008 θεασα-

113 2049 192 2127 μένη
226 2047 419 2128 πεφυρμένον
451 2044 563 2123 αἵμασι
588 2049 641 2111 κτέ
702 2047 791 2112 Haec
814 2049 921 2111 omnia
944 2046 1000 2110 ubi
1022 2047 1196 2135 Dionysius
1219 2050 1305 2114 κατα

114 2156 151 2220 πθ
183 2153 438 2233 λεπτομερέςερον
464 2160 628 2239 tamquam
652 2156 685 2217 in
709 2152 816 2217 sabula
840 2150 968 2217 Milesia
991 2153 1140 2218 describit
1162 2176 1224 2221 non
1247 2156 1305 2222 Fa-

113 2263 207 2326 bium
238 2261 398 2326 Pictorem
434 2261 483 2345 (ut
514 2263 546 2323 in
575 2262 706 2324 caeteris
729 2258 900 2342 plerisque)
922 2261 1082 2342 sequitur,
1109 2261 1164 2325 sed
1187 2265 1226 2328 de
1248 2285 1305 2329 suo

115 2369 248 2434 ornandi
272 2370 377 2455 gratia
400 2367 477 2431 haec
501 2368 767 2430 comminiscitur.
803 2364 874 2428 Non
895 2362 975 2427 solet
997 2371 1104 2429 autern
1124 2369 1157 2430 in
1176 2368 1236 2434 hae
1250 2369 1307 2434 fin-

114 2473 213 2561 gendi
243 2473 374 2538 licentis
404 2473 480 2557 quid
510 2494 581 2536 cnm
619 2478 733 2536 natura
766 2472 811 2534 rei
846 2476 1014 2555 congruat,
1054 2472 1130 2554 quid
1164 2481 1304 2562 pugnet,

113 2579 259 2645 multum
291 2600 416 2653 curare;
443 2599 516 2642 nam
541 2581 612 2663 quis
636 2580 743 2643 credat
765 2576 943 2642 Curiatium
967 2576 1050 2657 picto
1073 2590 1150 2646 περιρ
1172 2584 1306 2665 nuptiali

113 2685 252 2749 indutum
283 2686 322 2751 ad
350 2668 491 2772 pugnam
524 2683 740 2751 descendisse?
786 2688 920 2754 Necesse
953 2695 1060 2754 tamen
1091 2696 1138 2754 est
1168 2691 1199 2756 id
1229 2712 1304 2757 eum

113 2790 226 2857 fecisse
249 2796 287 2856 ut
310 2812 347 2857 ea
369 2793 467 2856 vestis
491 2790 595 2855 multo
620 2813 728 2858 cruore
752 2796 852 2860 tincta
874 2799 908 2860 in
932 2796 1041 2880 spoliis
1064 2798 1240 2866 referretur.

160 3003 231 3091 Pag
269 2999 345 3066 468.
370 3000 574 3078 ἀπορούμενος
594 3003 626 3067 δὲ
645 3005 676 3067 πθ
695 3005 846 3085 χρήσεται
867 3016 928 3079 τοῖς
950 3007 1118 3087 πράγμασι
1138 3021 1304 3079 σελευσῶΝ

116 3109 239 3187 ΔΙέγνοι
264 3108 406 3185 κραπιςον
428 3104 505 3172 εἶναι
529 3110 570 3188 σῷ
595 3109 679 3189 δήμῳ
703 3115 757 3183 rio
778 3112 939 3191 irripuerit
961 3116 1140 3197 ἐπιπρέπειν.
1179 3121 1303 3199 Altava

114 3221 148 3282 ot
170 3217 334 3291 vitiosum¹
349 3218 397 3279 est
421 3220 453 3280 et
476 3213 652 3294 κακθφωνον
677 3225 826 3301 sequente
851 3231 1048 3295 ΔΙΑννυσιν.
1095 3223 1303 3294 scribendum

109 3325 227 3399 Ἔνιοι.
274 3320 446 3387 Molestum
469 3324 734 3406 praepositionem
757 3328 896 3410 perperit
918 3335 948 3392 N
972 3331 1170 3413 praecedens.

161 3532 242 3619 Pag.
266 3528 343 3594 468.
369 3530 420 3594 καὶ
451 3532 612 3612 καθᾶραι
636 3534 688 3597 τὸν
712 3532 808 3615 ἄνδρα
830 3538 867 3608 ὥς
893 3536 992 3614 νθμος.
1035 3537 1197 3625 Sequioris
1220 3551 1305 3612 aeta·

112 3643 159 3706 tis
192 3640 274 3704 vitia
310 3641 385 3700 sunt
419 3641 557 3712 σιρμῖιναι
587 3660 644 3723 pro
674 3647 826 3719 σημῆναι,
860 3646 990 3722 καθᾶραι
1021 3666 1077 3729 pro
1101 3649 1246 3725 καθῆραι,
1272 3661 1304 3719 et

113 3748 188 3811 sim.
219 3744 299 3810 bene
330 3741 442 3807 multa
491 3742 590 3809 Recte
620 3745 691 3810 aliis
721 3746 799 3812 locis
830 3752 914 3835 apud
948 3750 1139 3838 Dionysium
1170 3757 1303 3840 luciducor

111 3851 244 3938 legitur.

160 4062 238 4149 Pag.
266 4058 343 4125 471.
379 4059 583 4140 θπεκρθνανπο
617 4063 711 4141 μηδὲν
746 4068 851 4138 αὐτοῖς
888 4065 932 4131 ἔτι
968 4072 1105 4149 πρᾶγμα
1140 4072 1211 4150 πρθς
1246 4077 1301 4151 πὶρν

115 4170 274 4246 Ῥωμαίων
298 4167 387 4232 πόλιν
411 4163 487 4232 εἶναι
514 4167 646 4253 [κοινόν]
683 4169 912 4256 Interpretatus
935 4181 982 4238 cst
1005 4179 1109 4241 nescio
1132 4181 1203 4262 quis
1226 4184 1303 4266 quid

114 4282 198 4342 esset
229 4274 322 4351 μηδὲν
354 4276 458 4347 αὐτοῖς
493 4273 538 4339 ἔτι
571 4278 709 4356 πρᾶγμα
732 4274 819 4342 εἶναι.
844 4278 921 4344 uitii
946 4303 1006 4345 esse
1027 4282 1086 4345 sibi
1108 4306 1172 4347 σανα
1195 4286 1304 4353 Romu-

114 4382 165 4446 νυνι
186 4382 307 4462 repetii.

165 4500 232 4536 uros.
250 4499 309 4535 nnn
1143 4498 1157 4542 t
