3076 5004
829 267 877 327 xri

302 480 402 550 Venio
432 482 499 550 iam
525 480 567 549 ad
587 481 736 570 Dionysii
759 480 943 557 dictionem.
989 478 1159 570 Sylburgii
1180 478 1339 549 iudicium
1358 475 1448 549 audi·

256 604 376 670 vimus.
422 601 540 669 Reiske
563 606 611 686 (in
633 601 774 688 Praefat.
798 602 894 688 xxm)
921 622 1029 688 aspere
1052 608 1085 667 et
1108 602 1230 668 duriter
1251 624 1328 669 eum
1346 624 1450 688 repre-

256 723 379 789 hendit.
424 728 563 788 Dteticae
592 729 689 787 retitur
722 722 851 811 (inquit)
884 727 930 786 s'ta
946 745 1073 806 prorsus
1089 727 1244 806 peroptata
1267 733 1297 787 61
1319 727 1450 788 ammos·

256 854 291 907 rot
321 866 383 907 mco
413 847 624 927 Xerophootca
655 854 708 907 oret
742 847 924 925 Thucydideo
946 853 1111 926 coraparato
1132 847 1226 906 eodem
1249 847 1449 907 6111666166-

258 967 346 1026 bcado
368 985 449 1044 qoem
470 966 637 1047 Apuleium
660 967 794 1026 1611111166
817 966 857 1026 ad
877 967 1031 1026 Lmicoom
1056 973 1143 1028 terret.
1188 961 1359 1029 Niebuhrii
1381 983 1449 1028 sen·

256 1086 390 1149 tentiam
419 1085 520 1168 ipsius
548 1082 655 1149 verbis
682 1100 874 1169 proponam:
901 1088 984 1161 „Bis
1006 1087 1067 1165 auf
1082 1087 1149 1146 6616
1170 1087 1292 1167 nechea
1315 1081 1446 1170 (inquit)

256 1208 299 1268 iet
328 1209 405 1268 aeine
432 1208 559 1287 Sprocte
580 1205 770 1268 oollkoovmca
794 1207 855 1266 acad
872 1202 1040 1286 priempere?
1066 1203 1092 1290 ¹)
1137 1202 1265 1269 Horum
1287 1224 1339 1270 me
1365 1202 1449 1269 nihil

258 1324 382 1390 eredere
404 1326 523 1409 passim
541 1325 577 1388 in
595 1323 646 1389 his
671 1323 926 1387 observationibus
945 1322 1060 1388 multis
1078 1326 1277 1411 argumentis
1294 1330 1327 1389 et
1343 1344 1449 1389 exem·

258 1443 322 1529 plis
352 1445 577 1512 demonstravi.
612 1443 684 1510 Una
709 1447 837 1510 tantum
870 1443 1019 1531 Dionysii
1041 1446 1076 1509 in
1098 1443 1261 1510 scribendo
1284 1442 1355 1509 laus
1379 1449 1446 1522 est,

257 1568 476 1651 perspicuitas.
511 1566 713 1651 Quamquam
736 1585 798 1631 non
821 1564 964 1632 multum
987 1566 1065 1632 dicit
1084 1571 1117 1631 et
1135 1566 1254 1650 ubique
1273 1569 1321 1630 est
1338 1563 1446 1650 paullo

257 1686 416 1772 loquacior
438 1691 471 1751 et
493 1687 661 1770 verbosus,
685 1688 794 1751 tamen
816 1685 972 1770 quidquid
994 1686 1073 1750 dicit
1095 1684 1218 1751 clarum
1242 1690 1274 1750 et
1297 1689 1444 1770 apertum

257 1811 290 1872 et
319 1806 465 1872 lucidum
488 1811 546 1873 est.
593 1806 795 1890 Quamquam
818 1805 873 1870 diu
897 1810 929 1871 et
950 1806 1093 1871 multum
1116 1808 1152 1871 in
1175 1808 1297 1892 optimo
1320 1825 1445 1891 quoque

256 1928 408 2012 scriptore
436 1927 546 1992 Attico
575 1930 729 1992 versatus
752 1930 785 1990 et
816 1926 936 2011 optime
967 1925 1006 1991 de
1036 1925 1212 2003 Herodoto,
1237 1924 1444 2013 Thucydide,

256 2045 483 2132 Xenophonte,
510 2044 645 2111 Platone
667 2050 700 2111 et
722 2047 871 2111 omnibus
894 2044 1094 2123 Oratoribus,
1118 2049 1306 2131 praesertim
1328 2046 1443 2133 Lysia,

254 2165 409 2251 Isocrate,
433 2166 539 2244 Isaeo,
562 2165 777 2232 Demosthene
800 2171 833 2231 et
854 2166 1009 2232 Aeschine
1031 2167 1201 2250 iudicavit,
1222 2172 1254 2233 et
1274 2188 1313 2232 ex
1333 2187 1443 2232 eorum

255 2287 381 2353 assidua
411 2285 547 2353 lectione
576 2285 681 2352 multa
710 2288 881 2353 verborum
912 2291 944 2353 61
969 2290 1199 2355 sententiarum
1221 2287 1346 2354 lumina
1368 2308 1443 2354 suae

253 2410 388 2474 orationi
410 2406 616 2473 illustrandae
639 2407 803 2486 adhibuit,
827 2408 997 2473 tamenab
1020 2407 1071 2473 his
1094 2410 1243 2474 omnibus
1266 2415 1333 2474 toto
1354 2408 1440 2474 coelo

252 2529 396 2594 diversus
418 2532 466 2593 est
488 2533 520 2593 et
542 2548 641 2593 unam
660 2533 788 2592 tantum
807 2528 965 2593 scribendi
984 2523 1147 2595 virtutem
1161 2529 1201 2594 ab
1220 2528 1287 2592 illis
1304 2527 1441 2593 feliciter

251 2652 367 2714 sumsit
389 2648 481 2713 illam
505 2668 600 2733 quam
624 2648 765 2715 diximus
786 2647 928 2714 lucidam
950 2651 1221 2735 perspicuitatem.

295 2769 418 2853 Dictis,
451 2789 513 2853 qua
543 2771 664 2853 utitur,
693 2789 791 2854 prava
821 2774 869 2834 est
899 2769 1072 2835 admodum
1103 2774 1136 2834 et
1166 2772 1300 2845 vitiosa,
1336 2772 1439 2857 qualis

250 2891 432 2976 aequalium
456 2891 524 2954 eius
547 2893 595 2954 est
613 2890 842 2975 propemodum
861 2892 1018 2955 omnium.
1051 2890 1170 2955 Atticis
1190 2891 1294 2957 multa
1314 2892 1437 2978 Ionica,

248 3010 421 3077 Homerica
441 3016 474 3075 et
496 3013 682 3096 praesertim
705 3010 904 3088 Herodotea,
928 3012 1059 3087 miscet,
1085 3016 1122 3075 ut
1145 3014 1328 3097 saepissime
1350 3019 1438 3080 nota-

247 3135 372 3208 vimus,
406 3136 499 3216 atque
528 3131 579 3196 his
601 3130 706 3196 multa
727 3133 853 3197 novicia
876 3135 908 3196 et
929 3130 1054 3215 plebeia
1077 3135 1109 3196 et
1132 3132 1257 3198 sordida
1280 3134 1436 3200 admiscet

246 3254 398 3320 vitiosam
440 3252 622 3338 aequalium
664 3250 814 3337 loquendi
853 3252 1072 3337 scribendique
1106 3252 1261 3327 συνήθειαν
1298 3261 1432 3320 secutus.

247 3372 352 3454 Quam
374 3376 415 3438 sit
439 3372 598 3438 insulsum
621 3377 653 3438 61
674 3370 840 3437 inficetum
861 3374 1008 3457 antiquae
1031 3373 1156 3440 Atticae
1179 3375 1312 3441 dictioni
1330 3376 1435 3443 multa

246 3494 285 3559 de
314 3496 411 3560 trivio
441 3500 548 3560 sumta
578 3495 759 3558 immiscere
789 3491 883 3558 facile
912 3492 1119 3582 intelligitur.
1166 3494 1248 3560 Sunt
1279 3494 1343 3562 alia
1371 3517 1434 3563 non

245 3636 362 3700 pauca,
404 3616 460 3681 ubi
501 3619 606 3701 spreta
640 3610 832 3679 Graecitatis
871 3616 1063 3699 proprietate
1098 3615 1244 3680 Latinam
1277 3618 1433 3682 scribendi

245 3736 514 3822 componendique
546 3735 805 3802 consuetudinem
836 3736 1023 3821 imprudens
1045 3737 1194 3802 imitatur
1217 3742 1273 3802 aut
1296 3736 1432 3803 Fabium

244 3860 405 3925 Pictorem
435 3861 491 3922 aut
522 3853 669 3922 (lineium
699 3853 900 3922 Alimentum
931 3861 1059 3922 secutus
1093 3862 1149 3922 aut
1183 3859 1211 3923 si
1245 3858 1317 3943 quis
1351 3858 1433 3924 nlius

244 3980 463 4048 Romanorum
492 3979 527 4041 in
557 3977 720 4042 scribendo
741 3975 855 4066 lingua
877 3975 999 4043 Graeca
1021 3997 1125 4063 neque
1147 3978 1310 4065 eleganter
1331 4000 1432 4065 neque

243 4105 329 4168 recte
357 4098 517 4164 utebatur.
565 4096 650 4178 Quid
680 4099 723 4163 sit
752 4104 805 4163 rob
834 4103 917 4162 taeta
947 4103 1063 4162 6666166
1090 4100 1259 4178 novimus,
1290 4101 1345 4166 sed
1373 4100 1431 4170 ὑπὸ

245 4284 439 4298 ...ιιι-ιω..

279 4363 305 4438 1)
320 4367 338 4416 1.
347 4367 363 4417 1.
381 4382 434 4436 pag.
451 4367 493 4416 m.
