3076 5004
703 328 767 399 157

131 545 174 590 no
205 521 322 589 Albani
354 524 515 598 venirent,
548 521 603 586 sed
636 523 687 608 (ut
702 521 883 611 Kiessling
906 524 1002 607 vidit)
1025 526 1059 589 in
1082 545 1193 591 eorum
1215 523 1323 590 locum

135 639 310 696 ΣΛΒΙΝΟΙ
336 634 411 695 suni
433 629 632 695 restituendi.

182 841 261 930 Peg.
288 840 387 905 1521.
421 834 481 904 ὅσοι
513 839 555 904 τά
587 839 701 904 ἑαυτῶν
732 839 949 922 ἀφαιρεθέντες
979 843 1196 920 ἀπεγνώκασιν
1220 840 1326 915 ἀλλως

135 947 175 1014 ἀν
195 946 238 1013 ἔτι
263 949 348 1012 αάτά
373 948 389 1022 ή
416 951 621 1023 πολεμοῦντες
652 947 882 1027 ἀπολήψεσθαι.
929 947 983 1014 Sic
1007 948 1144 1014 Urbinas
1167 971 1256 1035 apr.
1280 971 1325 1015 m.

135 1060 293 1121 correctus
314 1055 401 1118 idem
426 1055 478 1117 οὐκ
503 1053 731 1133 ἀπολήψεσθαι.
765 1053 882 1119 Misere
904 1055 1034 1120 habitus
1057 1055 1147 1120 iocus
1167 1061 1215 1122 eet
1246 1057 1327 1122 ”Ar-

136 1177 198 1233 λως
222 1161 270 1233 ἀν,
284 1199 326 1210 -
353 1161 405 1225 οὐκ
430 1181 492 1224 non
515 1165 563 1224 eet
585 1157 706 1225 Graeca
729 1163 916 1245 compositio
939 1183 995 1246 pro
1020 1163 1071 1227 οὐκ
1092 1162 1130 1226 ἀν
1152 1162 1273 1240 ἀλλως,
1295 1169 1328 1230 ei

137 1267 177 1334 ἀν
201 1307 244 1318 -
267 1269 420 1345 λήψεσθαι
445 1268 624 1354 flagitiosus
646 1272 693 1330 est
716 1266 931 1331 soloecismus·
980 1267 1062 1348 Quia
1081 1270 1327 1347 ἀπογιγνώσκειν

137 1376 222 1460 apud
253 1378 411 1460 sequiores
440 1375 536 1438 habet
567 1374 713 1437 futurum
745 1375 971 1450 ἀπογιγνώσκω
995 1375 1149 1453 αἱρήσειν,
1175 1378 1326 1455 εὑρήσειν,

138 1480 341 1565 ἀκούσεσθαι,
365 1483 493 1547 videtur
517 1479 596 1545 olim
620 1481 735 1544 fuisse:
761 1477 978 1556 ἀπεγνώκασιν
1003 1478 1106 1552 ἀλλως
1132 1478 1177 1545 ἔτι
1201 1483 1286 1546 αὐτοὶ
1309 1485 1326 1559 ή

138 1593 342 1663 πολεμοῦντες
369 1588 598 1666 ἀπολήψεσθαι.
637 1584 797 1650 Similiter
820 1587 902 1652 dixit
925 1608 1000 1676 pag.
1028 1586 1115 1653 1663
1139 1589 1326 1666 ἀπογνόντες

138 1691 185 1758 ἔτι
209 1694 350 1771 ἀνθέξειν.

185 1905 263 1992 Peg.
291 1903 391 1969 1523.
425 1902 486 1968 ὅσοι
518 1899 595 1977 ήσαν
620 1901 728 1980 ἀθυμοι
753 1902 828 1972 τέως
853 1941 895 1950 -
920 1901 992 1967 τθτε
1017 1902 1132 1977 πάντες
1157 1906 1326 1986 '‘Spectatr-

140 2037 208 2077 σαν.
256 2011 408 2097 Recipere
433 2011 567 2076 debebat
589 2009 703 2075 Editor
727 2018 847 2075 certem
872 2013 1087 2077 coniecturam
1107 2034 1199 2079 suom
1219 2015 1330 2095 ἘΠερ-

140 2117 307 2200 ρώσθήσαν.

184 2328 265 2416 Pag.
290 2326 390 2392 1523.
427 2324 547 2391 ἔσεσθαι
583 2326 613 2390 δὲ
643 2325 676 2389 τθ
710 2325 798 2394 πιςθν
830 2327 936 2397 αὐτοῖς
967 2333 1022 2400 τής
1056 2327 1167 2407 Φιλίας
1196 2327 1329 2406 βέβαιον

143 2436 365 2525 [ἀπέψαινον],
390 2436 415 2498 εί
441 2435 620 2509 κομίσαιντο
644 2439 703 2509 γῆν
727 2457 762 2496 τε
786 2433 840 2507 τήν
866 2433 979 2496 ἑαυτῶν
1004 2432 1056 2497 καί
1079 2434 1194 2505 πόλεις.
1234 2433 1331 2500 Ἀπέ-

138 2550 264 2625 φαινον,
289 2542 373 2627 quod
392 2543 604 2628 incongruum
625 2544 689 2615 est,
711 2540 845 2603 inseruit
864 2542 1058 2624 nescioquis
1076 2544 1213 2606 miratus
1236 2543 1332 2627 (quod

138 2652 274 2716 minime
306 2654 372 2712 erat
396 2647 591 2732 mirandum)
618 2647 792 2711 orationem
816 2651 944 2730 repente
969 2667 1007 2710 ex
1031 2653 1117 2713 reete
1140 2649 1174 2712 in
1196 2647 1332 2712 indirec-

139 2762 208 2822 tam
232 2756 385 2820 converti.

186 2965 266 3054 Pag.
296 2961 393 3028 1525.
426 2969 574 3039 πολεμεῖν
601 2999 641 3010 -
666 2959 926 3040 προθυμουμένους
955 2962 986 3025 οὐ
1014 2962 1269 3042 παραιτούμεθα,
1295 2961 1334 3027 ἀν

144 3074 176 3139 δὲ
202 3070 335 3151 ἀρξνσθε
360 3069 572 3146 ἀμυνούμεθα.
608 3066 771 3152 Scriptum
792 3069 932 3152 oportuit
953 3065 991 3131 ἀν
1013 3066 1044 3130 δὲ
1068 3066 1223 3145 ἀρξΗΤΕ.
1263 3069 1335 3136 Ηοο

142 3181 228 3244 enim
252 3177 420 3241 manifesto
446 3174 492 3261 (τὸ
516 3173 626 3253 ἀρχειν
651 3175 797 3252 πολέμου,
820 3176 899 3237 ultro
926 3174 1045 3259 inferre
1069 3176 1188 3258 bellem)
1212 3181 1335 3241 senten·

141 3287 188 3349 iia
199 3281 261 3350 looi
273 3283 431 3368 postulet,
455 3286 487 3347 et
506 3283 551 3346 sio
568 3280 706 3346 Romani
720 3281 865 3346 ferociter
878 3281 981 3345 dicere
993 3284 1156 3366 poterant:
1178 3284 1332 3362 λήψονται

141 3391 197 3468 μὲν
222 3390 355 3471 πρότεροι
379 3388 420 3454 τά
445 3385 529 3452 ὅπλα
555 3388 678 3465 ἐκεῖνον,
705 3389 833 3466 θήσομεν
858 3387 889 3452 δὲ
916 3388 1004 3464 ήμεῖς
1030 3385 1136 3469 ἷίςεροι.

187 3602 266 3689 Peg.
293 3598 392 3667 1527.
417 3605 506 3663 τοῦτο
531 3598 594 3678 γάρ
619 3597 677 3662 ὑπὸ
702 3603 755 3663 τοῦ
780 3599 921 3678 Μαρκίου
948 3600 1221 3678 παρήγγὲλΛΕτο.
1259 3599 1335 3666 Sen-

141 3710 242 3774 tentia
273 3707 415 3792 postulat
439 3707 611 3788 imperaturo
635 3711 718 3779 erat,
751 3726 813 3770 non
837 3706 1053 3789 imperabatur,
1085 3708 1188 3793 igitur
1211 3707 1334 3788 παρήγ-

142 3825 271 3896 γΘΛτο.
320 3814 413 3880 Nihil
435 3814 495 3879 hoo
516 3813 632 3878 mendo
654 3812 852 3897 frequentius
875 3813 909 3876 in
929 3812 1021 3878 libris
1043 3813 1169 3878 nostrie.

187 4025 243 4091 Bis
263 4028 428 4110 *oerinepte
451 4026 658 4111 perticipium
680 4018 908 4108 interpolatum
931 4026 979 4087 est
997 4044 1072 4112 pag.
1089 4021 1177 4089 1528
1190 4027 1222 4088 et
1235 4020 1333 4089 1529.

142 4133 176 4197 in
207 4133 312 4199 verbis
344 4131 437 4209 ὂμθσε
470 4140 580 4212 χωρεῖν
613 4139 675 4203 τοῖς
708 4130 866 4206 πολεμίοις
897 4129 1159 4216 [μαχήσθμενοι],
1184 4135 1217 4195 et
1241 4128 1333 4208 ἀμίσε

141 4247 250 4318 χωρεῖν
283 4247 345 4308 τοῖς
380 4239 537 4316 πολεμίοις
574 4237 835 4320 [μαχησόμενον]
884 4233 1066 4301 sexcenties
1101 4243 1209 4304 tamen
1244 4238 1335 4304 scioli

144 4347 226 4430 apud
249 4344 442 4431 Dionysium
465 4343 609 4432 legerant
631 4340 724 4421 ίμίσε
748 4348 858 4424 χωρεῖν
878 4349 942 4414 τοῖς
963 4343 1121 4421 πολεμίοις
1142 4367 1199 4435 pro
1218 4369 1335 4413 ικακιιικ

143 4475 293 4518 conserere
314 4475 377 4516 οαια
398 4453 488 4516 ἀνοία.
