3076 5004
701 256 765 335 aa
847 200 848 203 Ὺ

132 461 227 544 αότόρ
259 462 475 534 eliminarunt.
523 457 594 524 Non
629 465 677 524 eat
711 465 820 524 tamen
855 460 933 526 haec
968 461 1093 528 dicendi
1124 463 1227 530 forma
1257 481 1328 530 rara

134 577 311 645 admodum
334 577 366 635 et
389 567 469 634 locis
491 564 718 651 complusculis
741 567 947 632 restituenda.
991 567 1159 635 Permulta
1181 569 1328 654 exempla

132 683 245 752 attulit
268 672 460 746 Bloomfiald
486 672 526 737 ad
549 671 702 758 Aeschyli
725 671 933 736 Prometheum
959 672 1034 741 760.

342 782 414 862 πρὸς
438 780 529 848 αὐτὸς
554 780 650 842 αὐτοῦ
675 776 858 855 κενοφρόνων
881 780 1120 859 βουλευμάτων.

131 894 227 982 plura
257 893 358 958 etiam
389 885 532 952 Dindorf.
566 884 606 948 ad
639 884 689 948 Sr.
725 882 823 950 dms.
850 907 882 951 v.
906 887 1018 960 Αὐτός.
1067 889 1228 956 Lubenter
1250 890 1328 956 haec

132 1001 322 1067 recentiores
349 993 576 1074 imitabantur,
610 990 693 1055 unde
723 990 829 1055 multa
861 993 1007 1079 exempla
1042 995 1219 1083 collegiis
1251 996 1329 1062 Din-

135 1103 231 1171 dorfio
261 1102 411 1168 laudatus
440 1097 569 1163 Bestius
598 1099 632 1161 in
662 1097 759 1179 Epist.
794 1097 867 1163 (att.
898 1120 970 1187 pag.
1009 1100 1086 1165 212.
1134 1102 1324 1187 Saepissime

135 1213 181 1278 sic
205 1208 300 1281 αὐτὸς
325 1209 419 1272 αὐτοῦ
445 1205 532 1290 (nam
556 1205 616 1280 sic,
642 1223 705 1268 non
730 1202 840 1281 αὑτοῦ,
867 1205 1071 1272 scribendum
1095 1227 1162 1273 esse
1181 1206 1327 1274 Dindorf.

136 1319 257 1397 docuit)
279 1317 364 1380 inter
387 1310 559 1378 articulum
584 1316 616 1375 et
638 1330 766 1374 nomen.

362 1428 424 1492 τοῖς
450 1418 542 1488 αὐτὸς
565 1417 661 1480 αὐτοῦ
685 1417 826 1490 πήμασιν
849 1416 1031 1495 βαρύνεται.

364 1527 422 1597 τοὶς
445 1523 538 1596 αὐτός
562 1523 657 1586 αὐτοῦ
682 1524 846 1603 συμφορὰς
870 1526 939 1607 ῥᾷον
963 1523 1061 1605 Φέρει.

138 1634 336 1701 καταλέλυκε
372 1632 426 1707 τὴν
461 1630 554 1700 αὐτὸς
585 1631 680 1694 αὐτοῦ
717 1630 887 1698 δυναςεόαν.
936 1629 989 1696 Sic
1022 1634 1125 1719 igitur
1154 1632 1329 1720 Dionysius

138 1761 261 1827 quoqne
292 1740 433 1805 dixerat:
460 1736 531 1815 ὑπὲρ
554 1735 736 1815 ἀσφαλείαις
762 1760 796 1801 τε
822 1744 876 1811 τῆς
902 1739 995 1811 αὐτὸς
1019 1740 1133 1823 αὐτοῦ,
1158 1741 1258 1805 etsie
1282 1745 1330 1806 est

138 1848 256 1914 diserto
278 1849 311 1911 in
333 1844 489 1910 Urbinale
514 1844 678 1927 scriptum.

184 2057 263 2145 Pag.
298 2054 396 2122 1510.
429 2051 498 2118 ἕνόα
530 2052 655 2130 μόλιςα
686 2052 770 2135 ὤφόιρ
802 2049 868 2118 όοον
900 2056 999 2120 αὐτῶν
1023 2054 1057 2118 τό
1081 2055 1193 2130 τλῆόος
1217 2052 1252 2130 ἦν
1276 2056 1328 2120 καὶ

138 2165 177 2235 ὥς
213 2165 347 2239 οὶκρααῖον
382 2159 516 2226 ‘'AssAN
555 2157 610 2239 ὑφ’
644 2154 699 2222 ἕνα
731 2158 829 2238 καιρόν
866 2159 948 2244 [καὶ]
979 2162 1063 2225 κατόι
1092 2162 1168 2238 μίαν
1192 2162 1329 2232 ἐξιόντων

139 2270 250 2344 τόλνν.
295 2267 402 2333 “Arcu
434 2264 593 2353 significat
624 2284 676 2329 eos
700 2267 755 2348 qui
778 2263 870 2330 ludos
893 2273 1072 2352 spectatum
1097 2272 1248 2334 uenerant
1271 2289 1330 2331 om·

138 2399 191 2440 αοο
220 2379 351 2442 iuvenes
384 2375 498 2446 fuisse,
535 2370 619 2455 quod
655 2373 729 2454 quia
756 2392 831 2435 cum
864 2374 910 2436 rei
938 2379 1052 2438 natura
1077 2379 1183 2458 aperte
1206 2379 1330 2461 pugnat

138 2481 231 2548 facile
254 2480 450 2567 intelligitur
472 2479 659 2542 οἱτόνΤΩΝ
686 2498 752 2543 esso
776 2499 795 2542 a
817 2477 972 2565 Dionysio
995 2482 1162 2566 scriptum.

185 2586 352 2653 Praeterea
383 2587 438 2650 καί
466 2587 501 2648 in
532 2584 584 2648 καὶ
617 2585 701 2648 κατα
734 2584 980 2658 μίαν-τύλην
1010 2585 1144 2651 moleste
1178 2585 1330 2652 abundat.

140 2692 257 2760 Omnes
280 2695 366 2758 enim
390 2691 500 2758 eodem
524 2697 667 2776 tempore
688 2689 799 2755 eadem
818 2700 909 2775 porta
929 2689 1080 2778 (Capena)
1103 2694 1221 2780 egressi
1244 2697 1330 2759 sunt.

185 2904 265 2992 Pag.
303 2900 401 2968 1511.
437 2901 730 2982 διαπρεσβευομένΗ
767 2901 798 2966 δὲ
833 2899 917 2975 ἄλλον
954 2903 1025 2983 τρός
1062 2899 1163 2978 ἄλλων
1188 2905 1231 2976 εἷς
1255 2904 1332 2983 μόνον

140 3011 256 3090 aposto
289 3007 436 3079 ἅπαντας
470 3008 578 3086 &OT
611 3008 823 3082 Οὐολούσκους
859 3007 1000 3074 συνιέναι.
1048 3009 1239 3098 Legendum
1263 3009 1331 3075 δια-

141 3113 622 3196 τρεσβευόροενΑΙ-ἧξόΟΤΝ.
679 3115 836 3182 Additum
872 3114 956 3190 ἄλλα
991 3115 1064 3196 πρὸς
1102 3114 1203 3192 ἄλλην
1238 3137 1331 3202 pepe-

140 3225 184 3288 rit
207 3243 357 3289 errorem.

187 3434 267 3520 Pag.
302 3431 401 3498 1512.
435 3433 698 3513 συνῄεσαν-εἷς
730 3435 785 3507 τὴν
816 3435 1009 3513 Ἐχετρανῶν
1038 3433 1142 3498 πόλιν·
1168 3431 1246 3509 αὕτη
1271 3434 1333 3517 yde

142 3539 236 3604 ἐδόκει
261 3540 409 3608 καλλίςΗ
434 3540 552 3603 κεῖτόαι
576 3545 644 3602 ἘΝ
670 3539 810 3603 συνόδΩΙ
835 3548 906 3612 ταῖς
931 3538 1046 3612 όιλλαις
1072 3543 1088 3615 ἡ
1114 3540 1214 3612 πόλις.
1262 3542 1335 3608 Elle-

107 3662 110 3666 “
142 3653 255 3734 gauter
274 3667 362 3712 more
385 3645 538 3711 Veterum
561 3644 737 3731 Dionysius
760 3648 928 3730 scripserat
951 3647 1098 3715 κόλλιςΑ
1124 3649 1241 3713 artetes
1266 3674 1334 3714 ουν-

143 3751 233 3817 ator
266 3761 336 3823 ταῖς
369 3750 504 3836 ἄλλαις,
537 3757 574 3815 ut
604 3750 722 3815 Reiske
755 3757 786 3815 et
818 3751 956 3818 Lobeck.
983 3755 1037 3834 (ad
1059 3753 1234 3840 Phrynich.
1259 3777 1334 3845 pag.

143 3856 221 3923 281.
252 3859 290 3924 ab
326 3858 451 3923 llditore
480 3857 641 3939 laudatus)
661 3864 905 3941 perspexerunt.
952 3857 1151 3947 Thucydidis
1174 3867 1207 3926 et
1229 3861 1336 3928 Xeno·

141 3963 270 4048 phontis
291 3964 377 4030 locos
399 3963 490 4049 (quos
513 3963 668 4029 indicavit
693 3959 898 4029 Oasaubonus
921 3965 961 4029 ad
984 3987 1059 4054 pag.
1087 3965 1198 4055 1044.)
1223 3989 1335 4053 operae

139 4073 280 4154 pretium
312 4075 359 4136 est
390 4072 554 4155 inspicere.
602 4068 745 4157 Thucyd.
779 4070 804 4134 1.
837 4072 890 4134 36.
925 4077 980 4142 τῆς
1011 4072 1075 4152 γαρ
1107 4072 1247 4147 Ἰταλίας
1282 4073 1336 4140 καὶ

144 4178 290 4247 Σικελίας
323 4178 425 4246 καλῶς
460 4175 626 4255 ταρατλου
658 4184 759 4241 κεῖται
795 4175 958 4262 (Corcyra).
992 4177 1051 4242 III.
1089 4177 1142 4244 92.
1179 4185 1232 4245 τοῦ
1264 4184 1336 4262 τρόο

141 4282 317 4356 ’Λόνναόους
343 4282 480 4360 πολέμου
506 4289 607 4354 καλῶς
633 4285 738 4353 αὐτοῖς
763 4282 858 4348 ἐδόκει
884 4284 900 4358 ἡ
927 4282 1015 4356 πόλις
1039 4285 1234 4354 καόόςατόαι,
1272 4288 1337 4354 Xe-

140 4388 267 4475 nophon
298 4390 416 4455 Hellen.
450 4387 505 4454 VI.
540 4388 570 4454 2.
606 4388 637 4455 0.
666 4387 710 4456 ἔτι
736 4388 768 4454 δὲ
791 4391 911 4456 κεῖοόαι
936 4391 991 4466 τὴν
1017 4390 1169 4474 Κόρκυραν
1195 4394 1225 4459 ἐν
1249 4397 1336 4484 καλῷ
