3076 5004
691 292 755 366 187

127 487 300 576 Dionysius
328 487 502 570 convertit,
534 505 671 570 quorum
705 484 784 550 duos
818 484 958 552 indicere
992 487 1094 554 iuvat.
1140 486 1315 577 Dionysius

127 615 198 682 peg.
234 589 331 658 1415.
360 589 575 671 μοσχευομένη
602 589 687 656 κατὰ
710 595 763 655 τοῦ
789 589 885 669 δήμου
908 592 1046 674 τυραννίς
1070 595 1139 660 καθ’
1162 591 1233 671 ὅλης
1258 601 1313 671 τῆς

128 698 243 772 πόλεως
276 697 488 778 μοσχεύεται,
517 698 633 762 sumsit
657 697 791 764 verbum
813 699 981 778 μοσχεύειν
1006 720 1043 766 eo
1066 721 1160 767 sensu
1183 723 1222 768 ex
1244 701 1315 791 Hy-

127 805 234 892 peride
265 825 338 892 pag.
372 803 448 872 785.
481 802 512 868 4.
545 807 577 869 ei
606 824 681 891 pag.
714 802 814 869 2201.
846 804 904 870 κίον
932 806 974 870 τίς
998 805 1130 886 αροίτιτα
1156 808 1313 886 ὑποίῶμαι

128 911 266 986 διακενῆς
290 911 506 992 ε’ρραψςοδηκὼς
531 908 652 989 ἔσομαι.
677 931 716 976 ex
738 910 904 998 Hyperide
926 933 1002 1002 pag.
1030 911 1107 979 ⁹70.
1133 911 1186 981 13.
1209 915 1315 995 μοίτην

127 1015 379 1100 ἐρραψῳδηκότας
404 1017 487 1095 ἧμας
512 1012 642 1082 ἔσεσθαι.

167 1229 248 1316 Peg.
270 1226 368 1293 1991.
387 1226 495 1293 ποίΑΟ
511 1227 542 1294 δέ
562 1226 650 1306 ὑμεῖς
663 1263 708 1277 -
720 1225 816 1306 νίμιον
828 1229 978 1311 εἰσφορᾶς
990 1267 1034 1280 -
1047 1230 1186 1312 ἐξουσίαν
1202 1229 1311 1315 έχετες

121 1334 316 1402 Rectissime
338 1337 373 1399 in
398 1332 471 1400 aliis
494 1333 586 1399 libris
610 1336 764 1420 seriptum
789 1339 837 1400 esi
860 1336 985 1402 ποίλΝ.
1021 1338 1173 1405 Ασὶιυοοο
1196 1339 1315 1405 dieitur

125 1443 164 1508 de
192 1462 281 1508 mere
313 1442 403 1506 ποίαν
433 1439 513 1526 (sive
536 1439 619 1526 τίνα)
645 1437 784 1516 ἐξουσίαν
808 1439 918 1522 ἔχετες
943 1462 1000 1527 pro
1023 1444 1178 1523 οὐδεμίαν.
1228 1445 1316 1526 Quod

124 1549 206 1615 νοοίε
228 1548 277 1613 im
299 1554 342 1614 eat
365 1549 460 1629 ίοροινο
472 1546 699 1632 ferendorum?
721 1546 756 1611 id
779 1551 827 1612 esi
849 1549 966 1613 παίίιιια
988 1550 1069 1614 vobio
1091 1551 1140 1617 ιἰιο
1163 1560 1215 1618 σοί.

167 1756 243 1840 Pag.
280 1756 378 1823 1993.
409 1759 436 1822 οἷ
463 1758 615 1839 πατρίκιοι
641 1757 740 1835 τίμιον
766 1757 858 1822 αὑτὸν
883 1758 933 1824 ἐπὶ
957 1759 1075 1833 τούτοις
1099 1759 1194 1841 είχον.
1240 1764 1313 1831 Non

124 1865 316 1951 infrequenti
339 1885 441 1931 errore
466 1863 550 1948 ἔχειν
574 1869 607 1930 et
630 1862 721 1943 ἄγειν
744 1867 828 1930 inter
850 1886 884 1930 se
908 1865 1154 1933 confunduntur.
1189 1867 1313 1957 Legen-

125 1972 203 2037 dum
234 1971 335 2048 πίμιον
367 1964 458 2050 ἦχον,
484 1975 612 2056 etpost
640 1991 742 2056 pauca
772 1968 967 2052 παρέξειν
998 1971 1033 2036 τὸ
1065 1973 1212 2057 ἀσφαλές
1246 1975 1313 2041 ὑπι-

125 2078 304 2161 σχνούμενοι
327 2099 385 2165 pro
409 2085 598 2159 παρασχεῖν.

171 2185 282 2264 Τίμιον
306 2183 397 2263 ἄγειν
422 2185 491 2248 τινα
515 2184 549 2247 ia
571 2184 808 2248 honorassem
831 2184 960 2269 aliquem
983 2190 1015 2250 et
1038 2183 1116 2250 alibi
1138 2185 1259 2275 legitur
1281 2193 1314 2255 et

126 2291 210 2378 apud
232 2289 456 2378 Thucydidem
479 2288 565 2356 VIII.
591 2287 645 2354 81.
669 2290 845 2371 τιμιώτερον
868 2291 961 2358 αὐτὸν
984 2288 1100 2370 οίχοιεν.

169 2505 250 2593 Peg.
283 2502 380 2569 1995.
414 2498 507 2584 χοίρου
539 2499 649 2566 εἰδέναι
672 2509 768 2566 ΠΕΡΙ
791 2496 829 2565 ὧν
852 2497 1000 2575 ἅπαντας
1023 2499 1058 2569 εὖ
1081 2510 1170 2569 ποιῶν
1194 2505 1226 2572 ἕν
1248 2512 1312 2580 τοῖς

126 2609 272 2688 πολέμοις
296 2609 477 2676 διετέλεσεν.
523 2608 746 2675 Necessarium
770 2612 818 2673 esi
844 2608 963 2674 ‘issep
988 2605 1037 2675 ὧν.

168 2823 250 2910 Pag.
277 2818 374 2889 1997.
399 2821 460 2901 aa
479 2818 604 2900 μαλιςα
623 2817 795 2898 ἐβουλόμην
816 2816 864 2884 ἄν.
901 2818 1024 2887 Graeca
1042 2823 1231 2907 compositio
1250 2830 1313 2890 esi:

126 2929 187 3008 έχίο
207 2928 320 3008 μοίλιτ’
339 2927 377 2994 ίαν
398 2926 589 3007 ἐβουλόμην,
611 2927 742 2994 trahunt
761 2928 848 2992 enim
865 2924 1009 3006 μοίλιςα,
1031 2923 1122 3002 ἥκιςα
1143 2933 1176 2994 ei
1193 2928 1314 2996 similia

127 3037 234 3101 omnia
254 3033 402 3102 voculam
425 3031 462 3098 ἄν
486 3035 526 3100 ad
550 3055 629 3101 sese.

171 3141 292 3209 Eadem
315 3143 396 3207 ratio
420 3144 467 3207 est
490 3142 524 3205 in
547 3143 600 3206 οὐκ
623 3137 681 3226 οἷν,
704 3138 751 3213 τίς
775 3138 833 3218 ἄν,
859 3145 921 3212 πῶς
944 3137 1004 3216 οίν,
1021 3140 1084 3221 χίιρ
1106 3139 1161 3221 oio,
1183 3141 1230 3215 τίς
1251 3144 1313 3223 γὰρ

127 3247 184 3327 ι’ίν,
209 3255 273 3321 πῶς
297 3247 360 3329 γὰρ
384 3245 440 3325 ἄν,
465 3245 513 3319 τίς
536 3249 590 3312 οὔκ
614 3245 671 3327 aiv,
695 3267 776 3332 quae
799 3266 862 3312 non
884 3245 978 3313 facile
1002 3247 1207 3314 dirimuntur.

173 3457 253 3547 Peg.
279 3456 377 3523 1998.
402 3456 544 3531 κυλνίείς
569 3456 601 3522 δὲ
624 3457 732 3524 τούτου
759 3464 868 3537 τυχεῖν
887 3456 938 3524 δια
958 3456 1066 3524 πενίαν
1085 3458 1137 3524 καί
1158 3458 1316 3527 οὶσίένειοιν

129 3564 182 3631 καὶ
206 3566 241 3631 τὸ
266 3571 324 3631 τῶν
348 3569 470 3630 πολλῶν
493 3558 536 3636 είς
557 3559 644 3630 εἶναι.
683 3564 913 3630 Demosthenes
932 3567 967 3630 in
984 3564 1130 3630 Μίιίίοιιο
1149 3587 1224 3655 pag.
1238 3565 1316 3634 545.

129 3671 181 3737 καί
215 3676 322 3738 ταῦτα
352 3669 555 3737 πέπονίεν-
570 3669 657 3752 παρὰ
685 3670 947 3746 thessalonica)
973 3671 1028 3748 την
1052 3671 1180 3753 έρημίαν
1203 3675 1256 3742 καί
1280 3676 1315 3742 τί

129 3783 187 3846 τῶν
211 3784 332 3844 πολλῶν
355 3774 398 3852 είς
423 3772 510 3843 εἶναι.

174 3988 256 4078 Peg.
282 3985 380 4054 1998.
404 3986 580 4061 οίνατοίντες
604 3995 660 4064 τῆς
684 3988 836 4069 ἐχομένης
860 3988 965 4062 νυκτὸς
991 3990 1149 4074 ᾠχόμεθα,
1187 3992 1317 4062 Ridicu.

128 4096 200 4163 lum
231 4101 279 4162 est
309 4099 344 4161 in
373 4097 433 4162 hoo
462 4099 652 4184 argumento
682 4096 816 4182 sequenti
845 4103 938 4161 αοοίο.
985 4095 1113 4184 Ropone
1143 4099 1317 4182 ἀρχομένης

130 4210 184 4277 τῆς
210 4200 324 4276 νυκτίς.

176 4414 257 4501 Peg.
284 4412 381 4479 1998.
408 4411 548 4496 ἁδελφὸς
572 4410 606 4490 ἦν
631 4435 682 4492 μοι
707 4410 854 4493 Λεύκιος,
880 4404 911 4478 io
935 4413 996 4494 έχίο
1015 4411 1141 4481 πάντων
1159 4419 1318 4501 οὶνίριίπαν
