3076 5004
690 278 730 348 71

114 478 297 548 Utebantur
326 478 498 563 praesentis
527 474 646 548 forms,
679 485 760 556 quae
789 469 897 532 minus
918 469 985 530 eret
1006 462 1178 529 lectoribus
1202 460 1302 528 ambi·

115 608 196 675 gua,
232 588 270 649 ut
306 588 338 647 et
371 581 500 658 ξυνιέναι
536 578 727 665 (intelliqere)
758 595 814 660 pro
847 571 988 648 ξυνεῖναι.
1036 578 1182 651 Παρεῑναι
1218 574 1304 637 enim

115 693 200 759 solet
220 691 296 777 poni
319 708 375 774 pro
398 688 499 752 ederae
521 691 553 750 et
576 684 707 761 ξυνεῖναι
732 702 788 768 pro
811 703 873 744 νου
897 700 967 744 aare.

165 901 246 988 Peg.
272 895 348 963 557.
382 897 489 973 γνώμη
515 894 540 958 δ’
564 892 747 972 οέμφοτέροιν
771 888 805 965 ήν
828 889 935 968 ὂμοθοι,
961 909 1023 954 nou
1047 893 1114 954 erat
1137 887 1306 954 consilium

113 1009 237 1084 simile,
262 1005 317 1070 sed
340 1025 431 1066 μονον
455 1008 483 1065 et
505 1000 582 1064 idem
607 995 640 1072 ήν
663 1006 756 1062 ΜΙΑ.

167 1217 248 1303 Peg.
285 1212 361 1278 560.
399 1209 640 1283 κατετθθήσαΝ.
677 1206 815 1286 Ἐφθοθριρ
853 1205 885 1270 δέ
919 1230 965 1278 τις
1002 1207 1102 1270 αὐτῶν
1137 1213 1230 1283 μοῖρα
1257 1205 1311 1269 οὐκ

117 1325 226 1401 balan.
272 1320 404 1384 Periisse
427 1325 474 1383 est
496 1316 715 1395 διαφθαρῆναι,
740 1335 802 1379 non
825 1314 988 1392 φθαρῆναι.
1035 1312 1114 1399 Leg.
1136 1310 1311 1390 ΔΙεφθοθρή.

118 1429 395 1512 Praepositionem
425 1425 633 1489 necessariam
663 1421 851 1506 praecedens
882 1430 912 1485 N
943 1421 1107 1485 absorbsit.
1155 1417 1245 1483 Idem
1268 1437 1314 1482 er-

118 1557 176 1602 ror
201 1541 232 1600 et
255 1532 334 1599 alibi
355 1550 595 1615 nonnumquam
619 1530 808 1593 commissus
831 1531 889 1591 est.

171 1744 251 1831 Pag.
286 1740 363 1806 460.
394 1741 464 1804 καθ’
495 1737 509 1804 ὃ
541 1740 629 1816 μέρος
661 1737 862 1817 περαιουμένη
894 1736 1042 1809 λήσεσθαι
1066 1738 1135 1808 τοὺς
1161 1735 1314 1813 Σαβίνους

124 1848 268 1929 ἔμελλεν.
315 1848 364 1912 Ex
398 1850 515 1913 vitiosa
550 1844 779 1912 Graeculorum
815 1844 956 1926 συννθείμ
991 1844 1164 1930 Dionysius
1199 1844 1317 1907 sumsit

124 1958 274 2032 λήσεσθαι
298 1974 354 2040 pro
377 1957 490 2027 λήσειν.
538 1952 668 2016 Veteres
692 1953 835 2036 sequitur
857 1957 889 2016 et
912 1951 989 2016 alibi
1014 1954 1046 2016 et
1069 1971 1141 2037 pag.
1168 1947 1241 2016 715.
1262 1945 1315 2011 καὶ

126 2063 268 2138 λήσεις
295 2062 347 2125 ὑπ’
371 2061 468 2134 αὐτῆς
491 2054 654 2136 γενόμενος
678 2056 712 2133 ἐξ
738 2057 841 2137 ἀνδρὸς
866 2057 901 2123 τθ
926 2057 1028 2136 μηδέν.

173 2270 253 2358 Peg.
279 2267 355 2334 560.
381 2267 510 2346 Σαβῖνοι
533 2269 589 2345 μέν
615 2261 663 2332 οὖν
686 2267 952 2350 ἐγνωσιμάχησαν
977 2268 1039 2332 cirri
1063 2274 1119 2343 τής
1141 2265 1213 2331 τότε
1241 2289 1319 2343 συμ-

129 2382 227 2458 φορῖις
252 2374 430 2454 βιασθέντες
455 2374 507 2439 καὶ
522 2375 695 2454 -οὶνοχθος
721 2375 899 2447 ε’τοιήσαντο
923 2379 976 2437 τοῦ
999 2373 1134 2451 τολέμου
1157 2373 1319 2458 [cratete]

131 2481 278 2558 ἑξαετεῖς.
326 2481 469 2546 Debebat
497 2480 609 2546 llditor
642 2478 699 2544 ὑτθ
730 2501 786 2566 pro
818 2479 890 2568 nicil
913 2479 1065 2568 Pflugkio
1088 2485 1216 2545 auctore
1238 2479 1318 2544 reci·

130 2611 213 2676 pere.
259 2586 371 2653 Verbis
401 2590 535 2672 passivis
564 2587 692 2652 additur
724 2585 783 2650 ὑτθ
812 2611 909 2670 τινος,
942 2586 1046 2651 Ionice
1070 2584 1141 2664 τρθς
1166 2610 1260 2670 τινος,
1286 2583 1319 2650 έκ

131 2720 227 2772 τινος,
264 2694 348 2779 apud
383 2696 570 2759 recentiores
598 2690 770 2759 Graeculos
805 2693 982 2768 Iulianum,
1018 2693 1209 2766 Libanium.
1237 2693 1320 2759 'llhe-

72 2782 75 2787 ”
130 2803 279 2869 mistium
303 2799 389 2879 τοιροθ
416 2824 511 2884 τινος,
536 2801 591 2865 sed
614 2799 678 2864 οὶτθ
701 2824 779 2872 τινος
803 2802 837 2865 in
861 2801 1019 2886 decrepita
1037 2802 1169 2866 demum
1188 2799 1322 2867 Graecis

130 2910 251 2974 scribae
284 2907 431 2972 dicebant
462 2909 517 2992 qui
549 2929 622 2972 suas
656 2908 761 2972 sordes
788 2910 906 2992 passim
931 2909 1092 2973 veteribus
1116 2909 1322 2992 scriptoribus

131 3013 353 3090 affricuerunt,
387 3015 594 3098 quamobrem
624 3035 707 3077 nunc
738 3013 880 3099 plerique
904 3012 1024 3081 Graece
1048 3015 1132 3080 docti
1155 3014 1218 3079 οἰτθ
1244 3039 1322 3089 τινος

132 3121 201 3184 sine
222 3119 291 3183 ulla
314 3118 482 3183 offensione
505 3119 628 3206 legunt.
663 3119 740 3184 Loci
764 3126 838 3184 sunt
860 3120 1085 3186 inumerabiles
1108 3121 1166 3186 ubi
1190 3119 1248 3185 θτθ
1267 3125 1323 3186 aut

132 3246 174 3290 ex
200 3224 293 3289 libris
321 3225 508 3289 melioribus
539 3230 594 3289 aut
618 3246 656 3289 ex
680 3223 871 3291 Graecitatis
894 3226 1106 3307 intelligentia
1130 3230 1250 3312 optime
1274 3232 1322 3293 est

132 3334 338 3405 restitutum,
369 3330 425 3395 sed
454 3334 567 3418 ingens
598 3339 740 3416 superest
769 3330 913 3397 locorum
935 3354 1088 3398 numerus
1110 3334 1166 3418 qui
1190 3334 1323 3399 eandem

133 3438 388 3504 emendationem
420 3437 522 3503 adhuc
554 3437 671 3523 frustra
701 3444 891 3523 exspectant.
940 3438 1130 3523 Saepissime
1163 3441 1262 3504 etiam
1285 3445 1324 3505 ut

132 3542 202 3609 h.l.
227 3564 303 3609 veru
324 3541 419 3607 lectio
442 3549 566 3627 reperta
589 3546 756 3629 spernitur.
804 3544 839 3610 Si
863 3547 934 3630 quis
958 3548 992 3609 in
1014 3545 1074 3610 tali
1096 3567 1129 3612 re
1152 3543 1323 3612 (lodicibus

134 3649 215 3716 Mes.
249 3648 371 3734 aliquid
405 3650 610 3714 tribuendum
645 3672 711 3716 esse
747 3657 855 3737 putat,
889 3652 1097 3718 subridebunt
1127 3674 1254 3732 omnes,
1286 3657 1324 3719 ut

135 3759 263 3842 opinor,
289 3758 344 3840 qui
367 3755 488 3820 multos
512 3753 649 3822 Graecos
673 3756 803 3823 Codices
825 3761 992 3824 triverunt.

182 3861 385 3947 Reponamns
415 3883 490 3948 ergo
523 3863 593 3926 ὑπὸ
623 3872 677 3938 τής
701 3864 772 3928 τότε
795 3867 975 3945 συμφοραῖς,
1001 3866 1054 3930 sed
1078 3887 1141 3930 non
1164 3870 1212 3931 est
1235 3868 1322 3933 satis.

139 3967 416 4048 Quemadmodum
447 3970 533 4032 enim
563 3971 597 4032 in
624 3969 686 4035 loci
717 3974 805 4036 exitu
837 3970 970 4043 στονδοθς
1002 3973 1171 4038 manifesto
1202 3994 1325 4039 emar-

139 4076 213 4161 gine
242 4075 370 4158 irrepsit
399 4075 495 4159 idque
524 4077 558 4137 in
589 4077 850 4143 absurdissimam
874 4079 992 4155 sedem,
1020 4082 1065 4145 sic
1089 4085 1121 4144 et
1143 4081 1322 4158 βιασθέντες

142 4199 161 4244 a
188 4184 275 4245 mala
297 4201 395 4244 manu
419 4181 615 4265 adscriptum
639 4189 670 4248 et
695 4187 839 4269 spurium
864 4201 921 4250 est.
969 4184 1052 4251 Sana
1074 4193 1106 4251 et
1129 4207 1204 4253 vera
1225 4192 1326 4255 oratio

144 4290 174 4350 et
201 4288 359 4370 scriptura
385 4293 433 4351 est
456 4288 721 4371 ἐγνωσιμάχησαν
746 4291 803 4355 ὑπὸ
827 4299 880 4364 τής
906 4293 977 4356 τότε
1002 4295 1164 4374 συμφοραῖς
1189 4295 1240 4358 καὶ
1261 4297 1329 4375 οθνο·Ι

144 4392 206 4473 xire
230 4392 422 4469 ἐποιήσαντο.
