3076 5004
746 260 813 330 206

186 451 342 530 πολεμίων
366 452 549 534 γενομένην,
578 454 798 520 ὈΡΩΝΤΕΟ
821 453 854 517 δὲ
877 447 943 517 ὅσον
962 450 1044 516 οὔπα
1064 450 1117 517 καί
1137 450 1186 516 ε’πὶ
1208 450 1264 524 τὴν
1284 444 1374 516 πίλιν

185 558 297 632 αὐτοὺς
319 558 509 626 ἐλεύσεσθαι.
544 558 682 627 Mirifice
706 580 808 625 errore
829 560 969 639 ὁρῶντες,
993 558 1078 644 quod
1096 557 1266 623 manifesto
1285 577 1375 622 men-

185 665 298 730 dosum
323 671 387 744 est,
412 668 540 752 irrepsit
562 687 618 751 pro
640 665 813 738 ἀκούοντες.

229 874 308 962 Pag.
343 873 443 942 2197.
477 877 579 950 ἐπειδὴ
611 881 712 948 κακῶς
744 875 904 956 ἤρξαΟΘΕ
928 876 1012 952 ἧμάς
1037 881 1132 939 ποιεῖν
1156 873 1238 939 οὐδὲν
1257 898 1374 954 ,προπε·

185 981 325 1052 πονίάπες
349 981 404 1059 ὑφ’
429 983 524 1057 ἡμῶν.
570 981 644 1046 Non
669 986 716 1045 est
738 981 791 1046 hic
813 980 902 1046 locus
925 982 1022 1047 verbo
1046 980 1197 1062 ἄρχεσθαι
1222 981 1373 1067 inrepere,

184 1088 239 1154 sed
268 1085 386 1167 ἤρξαθ’
416 1090 500 1163 ἡμᾶς
533 1086 776 1152 emendandum.
823 1085 947 1152 Multos
972 1087 1147 1174 degenere
1170 1087 1230 1153 hoc
1254 1109 1375 1154 errores

185 1194 271 1279 apud
292 1193 541 1259 Demosthenem
566 1195 749 1278 aperuimus
772 1195 806 1256 in
830 1193 962 1258 Miscell.
991 1193 1069 1257 eric.
1089 1214 1164 1280 pag.
1188 1191 1264 1258 470.
1298 1193 1375 1274 ’Άρ

184 1324 253 1380 χειν
285 1321 359 1365 cum
382 1297 541 1365 infinitivo
564 1301 711 1365 iunctum
735 1299 818 1385 apud
841 1298 1033 1385 Dionysium
1056 1302 1174 1384 passim
1196 1303 1374 1386 reperitur,

184 1413 222 1472 nt
243 1428 317 1494 pag.
344 1398 442 1470 1366.
460 1404 615 1487 ἀρχόντων
635 1404 872 1488 παρασπονδεῖν.
893 1426 968 1492 pag.
992 1402 1089 1474 1507.
1110 1400 1189 1479 ὅπως
1210 1404 1249 1471 ἀν
1268 1407 1374 1472 ἐκεῖνοι

183 1511 309 1594 ἀρξειαν
333 1513 569 1592 παρασπονδεῖν.

229 1724 310 1811 Pag.
336 1720 435 1788 2198.
461 1720 553 1786 πάνπ’
580 1719 712 1798 ε’ἀσομεν
735 1723 831 1786 ‘dno
852 1728 915 1795 σοῖς
936 1720 1093 1800 πολεμίοις
1114 1721 1156 1786 σοὶ
1177 1722 1207 1786 ἕν
1225 1731 1264 1804 πῇ
1283 1723 1375 1808 χώρα

184 1828 339 1909 γενέσθαι.
386 1828 426 1893 Ic
455 1828 580 1892 boetiam
603 1834 779 1912 potestatem
810 1828 912 1893 accire
933 1848 997 1893 non
1021 1829 1113 1895 aliter
1135 1828 1254 1894 dicitur
1275 1851 1376 1914 qnam

185 1938 268 2003 'ent
291 1943 355 2007 τοῖς
378 1935 535 2012 πολεμίας
559 1933 711 2012 γενέσθαι.

228 2146 311 2235 Pag.
338 2144 438 2212 2200.
463 2147 501 2215 ὡς
524 2143 552 2211 δ’
578 2145 611 2208 αἱ
636 2143 759 2214 πλείους
783 2144 918 2222 γνῶμΛΙ
944 2143 1205 2224 ΔΙνγορειίίιρσαν.
1252 2144 1376 2234 Diony·

185 2255 268 2331 sius,
293 2254 348 2339 qui
373 2273 405 2318 se
429 2251 576 2338 linguam
599 2249 749 2316 Latinam
774 2250 919 2315 didicisse
940 2251 1067 2327 scribit,
1088 2252 1122 2314 in
1140 2249 1254 2317 multis
1276 2249 1376 2319 Grae·

185 2381 257 2425 cam
289 2358 415 2425 dicendi
444 2357 705 2423 consuetudinem
736 2356 776 2422 ad
803 2356 988 2422 Latinitatis
1010 2376 1106 2421 nsum
1130 2357 1376 2424 accommodans

183 2469 335 2552 corrupit.
380 2465 483 2528 Dicere
507 2464 681 2528 1011111011
712 2461 832 2529 Graece
862 2468 953 2528 sonat
978 2461 1208 2542 ἀποφαίνεσθαι
1232 2464 1373 2543 (ἀποδεί-

183 2572 321 2658 κννσίαι)
353 2573 407 2645 σὴν
439 2569 574 2648 γνώμην.
622 2587 692 2647 mc,
725 2587 799 2643 QUID
830 2566 967 2634 cortens?
1013 2567 1174 2650 ἀπόφηναι
1205 2565 1237 2648 i',
1271 2594 1303 2634 σι
1327 2595 1374 2636 σοι

183 2682 272 2746 δοκεῖ.
320 2676 494 2762 Dionysius
525 2675 665 2761 appellat
695 2674 810 2739 multis
839 2674 919 2740 locis
955 2676 1111 2754 ἀγορεύειν
1146 2678 1201 2751 σὺν
1235 2677 1373 2755 γνώμην.

180 2786 270 2851 Idem
301 2789 407 2849 nostro
436 2783 506 2848 loco
529 2781 784 2848 rescribendum:
810 2787 932 2860 γνῶμαι
959 2783 1182 2867 ἠγορεύίνσαν,
1206 2803 1283 2848 nam
1308 2783 1374 2850 δια-

181 2891 314 2972 ρορεύειν
338 2890 377 2955 ab
401 2889 460 2955 hac
483 2909 517 2953 re
537 2887 771 2953 alienissimum
791 2891 848 2952 est.
888 2898 932 2953 AI
951 2888 1093 2953 adhaesit
1113 2910 1152 2954 ex
1171 2890 1373 2975 praecedenti

180 3004 327 3078 γνῶμΑΙ.

225 3209 307 3295 Pag.
340 3203 440 3270 2201.
473 3202 576 3281 ἑτέραν
600 3204 724 3282 γνώμην
748 3202 835 3282 παροὶ
859 3202 918 3276 πάς
943 3202 1101 3282 εἰρημένας
1128 3205 1221 3278 αὐτὸς
1245 3207 1372 3289 ἀποφορ-

182 3314 322 3394 νιὲμενος.
358 3313 408 3378 Ex
430 3312 490 3376 hoc
512 3309 581 3376 loco
604 3310 838 3376 emendandum
861 3314 908 3375 est
930 3310 1014 3396 qnod
1032 3308 1154 3397 legitur
1172 3332 1246 3400 pag.
1270 3311 1369 3378 1416.

182 3423 392 3502 ε’πιιιυροῦνπες
424 3418 455 3482 δὲ
487 3416 546 3490 σάς
578 3416 745 3495 ΚΕΙμένας
777 3417 835 3482 ὑπὸ
864 3423 922 3481 τῶν
955 3415 1110 3482 ὑπατικῶν
1133 3420 1280 3504 γνώμας,
1303 3421 1372 3486 imo

181 3549 256 3595 vero
280 3527 338 3600 πάς
365 3523 566 3601 ΕΙΡΗμένας.

227 3737 307 3823 Peg.
335 3728 572 3800 2202-2203.
597 3731 707 3810 διδάξω
732 3738 795 3805 πῶς
816 3731 855 3797 ἀν
869 3732 979 3806 -σῖρν
1002 3734 1127 3814 πάτριον
1151 3731 1370 3814 ἀπολάβωμεν

181 3841 396 3925 ἀριςοκρασίαν
410 3839 580 3915 -σοΦίαν
614 3838 757 3914 οὐδεμίαν
781 3838 1033 3916 ἀποδεικνύμενος
1058 3842 1128 3916 ὑμῖν
1136 3887 1145 3917 ,
1171 3840 1214 3905 πά
1238 3840 1269 3905 δὲ
1294 3865 1371 3922 πρα-

69 3968 71 3973 ·
180 3949 298 4032 χίέντα
323 3945 379 4028 ὑφ’
403 3947 484 4023 ὑμῶν
505 3945 606 4009 αὐτῶν
630 3944 879 4025 παραδείγματα
902 3945 1011 4027 φέρων.
1058 3946 1196 4012 Laborat
1217 3946 1280 4011 loci
1303 3969 1372 4013 sen·

180 4057 282 4121 tentis
313 4055 388 4139 quia
416 4052 609 4119 vocabulum
632 4054 844 4117 necessarium
867 4054 971 4137 periit.
1019 4050 1240 4137 Supplendum
1263 4057 1368 4119 enim:

182 4163 296 4243 σοφίαν
319 4159 499 4223 οὐδεΜΙΑΝ
525 4160 658 4224 ἸΔΙΑΝ
683 4158 948 4236 ἀποδεικνύμενος.
997 4156 1370 4225 0111111111111011100111

180 4266 337 4335 Herodoti
371 4264 440 4330 VII.
479 4265 531 4330 10.
568 4266 630 4344 ἐγὼ
666 4267 697 4332 δὲ
733 4266 857 4347 οὐδεμιῇ
888 4266 980 4348 σοΦίρ
1011 4265 1107 4348 cissis
1136 4265 1229 4338 αὐτὸς
1263 4270 1370 4331 ταῦτα

180 4371 423 4454 σνμβάλιιομαι.
