3076 5004
730 263 796 337 aia

214 461 294 550 Peg.
320 459 398 530 264.
431 463 469 535 ὡς
494 460 556 540 γὰρ
580 458 762 538 ἀνήχθησαν
780 459 819 522 ‘ai
844 465 911 533 νῆες
925 494 966 508 -
980 455 1092 539 ἄνεμος
1116 458 1248 533 inaurire
1272 456 1357 538 νενό-

170 565 366 648 μενος-ἃς
391 569 448 642 μὲν
472 564 698 649 uictimam,
723 556 760 636 ἃς
786 564 812 629 δ’
836 566 877 639 εἷς
903 565 954 629 τὸν
978 573 1034 639 τῆς
1059 568 1206 640 Σικελίης
1226 565 1357 648 πορθμὸν

107 656 110 661 ’
170 673 331 754 ἐξέβαλεν.
377 673 487 740 Solent
519 692 615 738 naves
647 677 679 736 et
708 676 823 737 nautae
854 673 921 737 sine
948 693 1066 760 magno
1088 673 1175 739 malo
1197 678 1254 738 aut
1277 674 1357 758 peri-

171 782 243 848 culo
273 779 543 862 κιιτοικιύζεσιοι,
579 778 633 843 sed
655 776 773 864 Pyrrhi
795 798 891 843 naves
914 778 1028 843 inille
1051 784 1240 864 tempestate
1256 778 1357 862 perie-

170 899 252 951 πονοι.
300 886 475 970 Scripserat
510 887 595 950 enim
631 883 822 968 Dionysius:
858 879 897 957 ἃς
933 884 990 961 μὲν
1025 884 1225 963 ιιοιπέΔνοεν,
1259 877 1298 956 ἃς
1330 884 1356 948 δ’

173 1030 214 1042 -
228 991 391 1070 ἐξέβαλεν.

216 1201 297 1287 Peg.
329 1198 405 1265 269.
437 1199 503 1265 οὐδὲ
532 1206 639 1279 ποοφῆς
672 1197 783 1280 ἔποχον
807 1200 883 1264 ἀλλ’
907 1197 1101 1272 {exordium
1128 1199 1229 1287 (eaelo
1251 1201 1355 1284 tracti)

172 1307 206 1370 ἐκ
236 1313 291 1378 πῆς
323 1308 439 1386 ἀγορᾶς
468 1307 511 1378 εἰς
535 1308 797 1381 οὶνοοπεπποιμένον
821 1331 849 1372 τι
875 1308 931 1385 πρὸ
955 1313 1009 1379 τῆς
1035 1307 1152 1378 πόλεως
1172 1308 1280 1388 χωρίον
1304 1308 1356 1372 ὑπ’

171 1413 275 1477 οἰωνῶν
306 1413 358 1477 κιο)
391 1418 483 1477 κυνῶν
518 1414 803 1494 διεΦΘΑΡΗΕΑΝ.
850 1412 1094 1479 Emendandum
1128 1413 1357 1493 διεφορηδηοιον.

170 1519 269 1586 Plane
303 1520 391 1584 idem
422 1521 541 1587 vitium
576 1540 670 1604 supra
700 1519 809 1585 eodem
836 1519 934 1584 modo
965 1519 1108 1586 vidimus
1139 1539 1158 1583 a
1184 1517 1357 1585 Sintenisio

171 1635 357 1693 correctum.
406 1626 628 1706 Διοοφορεῖσθοιι
652 1632 701 1691 est
725 1625 893 1709 dilaniari,
917 1625 1087 1690 dilacerari.

215 1833 253 1899 ln
284 1834 409 1899 ultimis
440 1834 563 1900 duobus
592 1833 739 1919 Dionysii
768 1833 860 1899 libris
882 1834 1012 1900 tandem
1036 1833 1205 1920 aliquando
1229 1840 1358 1902 emersi-

171 1961 245 2006 mus
270 1961 308 2006 ex
331 1938 448 2004 fabulis
472 1945 504 2005 et
527 1945 646 2004 certam
670 1939 929 2025 exploratamque
951 1962 1057 2006 rerum
1081 1952 1245 2029 gestarum
1264 1942 1359 2008 fidem

173 2046 212 2111 ab
244 2045 430 2130 aequalibus
461 2051 493 2111 et
523 2045 657 2112 oculatis
684 2047 818 2111 testibus
850 2050 1023 2112 memoriae
1053 2047 1213 2133 proditam
1240 2049 1359 2133 ubique

173 2154 267 2217 certis
289 2153 415 2218 indiciis
439 2155 642 2240 agnoscimus
661 2155 695 2217 in
714 2153 848 2217 historia
868 2153 985 2239 Pyrrhi
1004 2157 1099 2240 regis.
1137 2153 1359 2220 Memorabilis

172 2257 260 2323 locus
278 2264 326 2322 est
343 2257 415 2322 libr.
434 2257 508 2321 XX.
530 2257 560 2322 6.
578 2279 651 2344 pag.
670 2257 747 2323 261.
763 2257 857 2328 αὐτὸς
877 2260 908 2323 δὲ
926 2260 939 2322 ὁ
956 2259 1067 2338 Πύρρος
1084 2261 1154 2330 τοὺς
1176 2260 1358 2337 Ὁμηρικοὺς

173 2362 442 2445 ἐπιφθεγξάμενος
467 2365 593 2448 elegeos,
618 2359 667 2435 elie
688 2366 808 2443 Ἕκτωρ
833 2366 916 2444 αὐτῷ
941 2367 1109 2439 πεποίηποιι
1134 2370 1206 2447 πρὸς
1235 2365 1358 2432 Alema

172 2469 273 2548 λέγων
294 2472 333 2541 ὡς
359 2469 416 2536 ὑπὸ
440 2471 597 2547 Ῥωμαίων
622 2470 792 2549 εἰρημένους
816 2471 888 2549 πρὸς
915 2471 1036 2536 ἕοιντόν·

331 2577 373 2656 τῷ
397 2600 431 2641 σε
455 2577 508 2643 aa>
531 2577 586 2641 οὐκ
608 2576 699 2641 ἐθέλω
722 2575 849 2655 βαλέειν
873 2583 1006 2643 τοιοῦτον
1030 2577 1119 2642 ε’όνποο

332 2685 427 2764 λάθρη
453 2684 645 2755 ἐποπτεύσας
670 2685 745 2747 ἀλλ’
768 2683 918 2761 cindalia
942 2683 1003 2748 εἷκε
1029 2683 1165 2765 τύχωμι.

217 2790 428 2874 Perspicuum
459 2796 507 2856 est
538 2811 635 2875 quam
663 2791 702 2854 ob
732 2809 860 2855 causam
883 2790 1043 2877 Pyrrhus,
1069 2789 1236 2871 φιλόμηρος
1261 2792 1298 2856 ὤν
1322 2798 1360 2856 ut

172 2894 367 2972 Alexander,
391 2895 484 2961 hosce
507 2896 643 2961 Homeri
665 2895 839 2961 versiculos
863 2901 1027 2981 tamquam
1053 2918 1071 2962 a
1093 2895 1247 2962 Romanis
1269 2898 1309 2963 ad
1327 2919 1360 2964 se

173 3001 272 3066 dictos
301 3003 563 3086 pronuntiaverit.
611 3001 734 3086 Nempe
757 3009 926 3088 postquam
950 3023 969 3067 a
993 3000 1079 3068 Coss.
1101 3000 1136 3068 Ο.
1161 3003 1305 3069 Fabricio
1328 3009 1361 3069 et

172 3106 208 3187 Q.
232 3107 371 3172 Aemilio
390 3106 513 3172 litteras
533 3111 720 3194 accepisset,
741 3128 819 3194 quas
841 3106 994 3173 Claudius
1014 3107 1244 3195 Quadrigarius
1264 3108 1360 3194 (apud

173 3210 318 3278 Gellium
341 3212 398 3277 ΙΙΙ.
423 3212 467 3296 8.)
493 3215 625 3298 scriptas
648 3215 745 3279 fuisse
768 3219 875 3280 narrat
897 3214 957 3280 hoc
981 3214 1146 3300 exemplo:

357 3319 494 3382 Consules
517 3320 647 3383 Romani
670 3326 795 3384 sulutem
818 3321 924 3388 dicem
945 3321 1061 3406 Pyrrho
1084 3321 1155 3402 rapi.

177 3463 218 3474 —-
232 3464 268 3474 -
300 3426 342 3487 ad
371 3448 425 3490 moe
453 3424 534 3489 aemil
569 3426 671 3490 Nicias
691 3427 870 3511 familiaria
898 3433 968 3489 lues
998 3426 1050 3510 qui
1079 3427 1137 3489 eibi
1156 3427 1319 3509 preemimm
1342 3451 1362 3491 ιι

174 3532 258 3596 nobie
276 3538 387 3615 peteret
410 3531 438 3594 ei
459 3538 491 3594 le
513 3530 588 3593 elem
610 3532 820 3616 interfecisset.
864 3533 906 3597 Id
927 3554 980 3596 eoa
1001 3532 1171 3613 ιοοροοὶιιοιιο
1193 3534 1268 3598 celle
1291 3556 1362 3598 eece

175 3639 208 3702 ob
240 3661 301 3702 eum
330 3661 391 3701 rem
420 3637 578 3721 quidquem
611 3638 750 3701 commodi
779 3645 957 3722 eacpeeterei
985 3645 1013 3702 et
1035 3638 1126 3701 cimel
1146 3639 1241 3702 vicum
1262 3647 1305 3704 eci
1327 3651 1363 3705 et

175 3751 203 3808 te
234 3745 385 3809 certiorem
406 3744 594 3827 faceremus,
627 3766 664 3806 νιο
687 3744 762 3827 quid
783 3744 926 3809 eiusmodi
948 3745 976 3807 ai
999 3744 1152 3807 cecidisset
1174 3751 1273 3810 mestre
1296 3769 1363 3811 eeu-

174 3850 245 3914 eiiie
268 3850 403 3914 ciuitates
420 3856 564 3932 peterent
577 3849 702 3934 fecium
724 3856 752 3912 ei
774 3851 853 3934 quod
875 3851 958 3915 medie
980 3873 1039 3914 eom
1055 3849 1156 3933 placet
1170 3852 1272 3932 pretio
1296 3855 1362 3937 (eut

172 3955 304 4039 proemio
326 3955 470 4040 delenda)
495 3951 520 4041 ¹)
546 3962 599 4018 etet
621 3955 699 4018 detis
714 3977 862 4038 ρηρνοιιοο.
906 3956 950 4020 m
970 3956 1031 4020 misi
1052 3977 1135 4020 οοοοο
1157 3955 1275 4022 iacebis.

211 4236 235 4295 1)
253 4235 341 4284 Eadem
359 4229 526 4296 διππνγροιφίιι
542 4239 577 4284 est
595 4234 620 4284 in
639 4234 746 4284 oratione
764 4234 790 4283 O.
809 4232 910 4311 Gracchi
925 4232 987 4298 apud
1004 4231 1109 4284 Gellium
1125 4235 1170 4285 XI.
1190 4236 1228 4284 10.
1241 4237 1265 4285 4.
1275 4241 1364 4301 petent

176 4335 223 4368 νιονν
245 4335 261 4366 a
283 4318 344 4366 vobis
365 4318 446 4366 boetem
467 4317 663 4366 existimationem
686 4333 761 4396 cerum
784 4333 800 4364 a
822 4315 970 4365 Mithridate
991 4314 1026 4362 rei
1040 4315 1177 4380 familiam
1192 4335 1249 4368 οιιοο
1261 4321 1364 4386 prelium

177 4402 213 4464 [ec
229 4400 380 4465 praemium]
