3076 5004
804 289 869 362 14⁶

242 485 363 554 Deinde
391 489 516 552 exemto
538 488 577 558 ῶς
600 486 802 553 scribendum
826 479 1115 561 ὑπολαμβάνΩΝ.
1162 480 1322 573 Vulgetee
1345 504 1435 551 eom-

242 594 358 678 positio
382 592 504 659 soloeea
530 597 589 658 est.

287 830 365 918 Peg.
394 829 493 896 1418.
520 826 573 903 ἕως
597 831 622 895 δ’
650 828 688 895 ἀν
712 828 776 910 ἔχω
800 831 855 904 τὴν
878 829 986 910 ψυχὴν
1006 827 1101 900 οὐδεθς
1120 853 1162 906 με
1181 827 1311 909 ’nesse
1330 831 1435 914 φόβος

241 939 285 1015 μὴ
320 939 380 1017 οὐχ
414 932 436 1002 ἀ
470 942 567 1017 φρονῶ
601 935 716 1014 λέγειν.
763 936 836 1001 Non
866 938 1006 1001 eontinet
1036 935 1171 1002 verbum
1202 936 1335 1018 ἀπέχειν
1360 959 1453 1003 eem-

239 1046 420 1118 notionem,
453 1064 550 1128 quam
577 1039 666 1107 loeus
688 1041 856 1107 manifesto
879 1041 1030 1127 postulat.
1077 1039 1265 1130 Legendum
1290 1042 1434 1123 Ἐφόξεα

242 1149 333 1230 Quod
374 1149 492 1215 Reiske
534 1149 666 1214 coniecit
701 1147 844 1228 ἀΦέΛξει
880 1168 954 1212 cum
989 1149 1194 1234 sequentibus
1228 1150 1334 1218 verbis
1369 1170 1436 1216 non

242 1259 399 1346 congruit.

286 1498 367 1585 Peg.
407 1493 506 1560 1421.
547 1493 653 1559 πολλά
672 1529 716 1542 -
738 1492 923 1572 κεκραγότος
959 1495 1034 1571 ἐμοῦ
1072 1494 1124 1560 καὶ
1160 1495 1437 1576 μαρτυρΟΤμὲνου

174 1628 179 1645 ·
243 1602 325 1676 θεοός
361 1626 396 1667 τε
432 1601 484 1665 καὶ
520 1599 699 1679 ἀνθρώπους.
746 1598 789 1664 ut
824 1604 916 1686 turpe
949 1600 1103 1666 mendum
1138 1607 1170 1668 et
1201 1602 1347 1687 frequens
1375 1623 1438 1688 pro

241 1707 492 1789 μαρτυρομένου.
550 1705 673 1770 Vitiose
714 1704 835 1793 legitur
869 1727 943 1794 pag.
981 1705 1057 1772 392.
1092 1710 1127 1773 in
1160 1707 1315 1774 Urbinate
1350 1711 1436 1782 θεοὺς

241 1816 504 1896 μαρτυρούμενος,
526 1810 695 1878 Chisisnus
714 1833 826 1878 verum
847 1813 935 1878 dedit
954 1820 1190 1894 μαρτυρόμενος.
1222 1814 1345 1881 Vitiosr
1364 1836 1438 1881 om·

241 1942 296 1987 nes
330 1942 404 2008 pag.
440 1917 538 1984 2048.
573 1918 863 1996 ἐπιμαρτυρούμενον
897 1920 977 1990 θεούς
1011 1922 1121 1984 τεκαὶ
1145 1921 1306 1998 δαίμονας.
1356 1919 1437 1989 Sine

242 2026 359 2093 mendo
390 2047 464 2113 pag.
498 2023 574 2089 412.
610 2025 805 2103 μαρτύρομαι
838 2029 935 2089 τοίνυν
966 2025 1036 2097 τοὺς
1064 2013 1156 2097 θεούς.
1203 2027 1332 2092 Mireris
1356 2028 1440 2094 talia

242 2154 304 2198 non
335 2131 415 2197 olim
447 2125 514 2196 e'sse
545 2136 682 2195 noneste
713 2152 813 2217 quum
845 2153 939 2198 nemo
966 2134 1086 2198 neseiat
1109 2133 1187 2218 quid
1208 2135 1291 2198 inter
1312 2134 1438 2213 μαρπύ·

241 2241 344 2321 ρεσθαι
368 2243 400 2304 et
423 2245 587 2318 μαρτυρεῖν
609 2239 746 2303 intersit.

285 2482 365 2570 Peg.
395 2477 492 2545 1425.
516 2478 577 2562 ἀφ’
603 2481 686 2556 ἡμῶν
709 2477 882 2559 ἀρξόμενος
909 2477 935 2564 (ό
960 2477 1067 2563 δῆμος)
1093 2475 1179 2546 όόπαν
1203 2479 1238 2545 τό
1259 2480 1437 2546 ἀντίπαλον

239 2588 291 2655 καὶ
323 2590 367 2665 μὴ
399 2583 477 2650 εἶκον
508 2584 607 2666 ῶσπερ
636 2586 821 2667 χειμάρρους
859 2585 983 2672 [πολὺς]
1018 2588 1158 2663 ἐμπεσὼν
1190 2587 1357 2668 παρέσυρεν
1394 2586 1434 2652 ἀν

238 2695 290 2760 καὶ
322 2694 521 2770 κατήνεγκεν.
569 2693 714 2758 Absurde
745 2693 891 2758 additum
923 2692 1018 2763 πολθς
1044 2695 1111 2757 sine
1135 2714 1225 2759 mora
1249 2715 1435 2782 expungen-

239 2802 328 2866 dum.
375 2800 404 2864 A
428 2798 640 2865 Demosthene
663 2804 819 2864 sumserat
842 2820 915 2885 pag.
940 2796 1017 2865 278.
1046 2798 1077 2864 8.
1102 2801 1128 2863 εἰ
1154 2803 1197 2874 μὴ
1225 2802 1434 2877 μετέγνωσαν

239 2905 344 2980 εὐθέως
366 2942 407 2954 -
428 2906 453 2970 οἱ
498 2904 631 2982 Θηβαῖοι
653 2941 694 2953 -
716 2901 814 2981 ὥσπερ
849 2903 1035 2985 χειμάρρους
1072 2904 1110 2970 ἀν
1145 2901 1233 2971 όόπαν
1269 2911 1359 2972 τοῶτο
1398 2905 1436 2972 τό

240 3016 379 3095 πράγμα
402 3012 444 3084 εἷς
469 3013 523 3086 τὴν
549 3009 638 3075 πόλιν
662 3008 827 3076 εἰσέπεσεν.

283 3239 366 3327 Peg.
401 3235 500 3302 1425.
532 3236 655 3307 ταύτας
688 3237 759 3313 ὑμῖν
791 3237 804 3300 ό
835 3236 1142 3316 δῆμος-ἀμοιβὰς
1174 3239 1239 3303 ἀνθ’
1270 3235 1308 3302 ῶν
1335 3236 1432 3305 ἔπαθε

240 3351 360 3412 πολλῶν
392 3342 483 3410 όντων
508 3343 561 3408 καὶ
586 3340 973 3421 μεγάλων-ἀπόδιοκεν.
1019 3344 1223 3431 Ambiguum
1247 3350 1296 3410 est
1319 3341 1433 3410 ἔπαθεν

240 3459 272 3521 et
294 3454 468 3537 requiritur
483 3473 542 3534 pro
566 3450 668 3513 αιαόόόι
688 3455 716 3512 αθ
735 3449 850 3529 mannis
867 3466 1054 3515 Buuurlclls.
1091 3449 1202 3536 Itaque
1225 3456 1282 3516 aut
1304 3453 1369 3517 ἀνθ’
1394 3447 1433 3517 ὧν

243 3555 301 3647 (εὖ)
333 3556 444 3622 ἔπαθεν
474 3555 647 3643 legendum
677 3559 743 3638 est,
777 3559 834 3620 aut
865 3556 929 3619 ἀνθ’
963 3550 1000 3619 ῶν
1031 3553 1143 3621 ἔπαθεν
1174 3558 1327 3643 (ἀγαθῶν)
1353 3573 1431 3623 πολ·

239 3673 299 3731 λῶν
323 3665 389 3730 κτὲ.

285 3874 366 3960 Peg.
405 3869 502 3938 1427.
539 3869 676 3947 -μνὶτε
712 3877 885 3950 συγχωρεῖν
915 3872 998 3952 αὐτῷ
1033 3870 1109 3948 μήτ’
1144 3871 1316 3951 ἐπιτρέπειν
1352 3874 1430 3941 ἀλλ’

240 3977 599 4057 ἀντιπράττεοθαι
631 3976 734 4054 λόγοις
766 4002 802 4041 πε
833 3979 884 4042 καὶ
917 3978 1014 4057 ἔργοις
1047 3979 1099 4043 καὶ
1129 3981 1204 4055 όμοῶ
1229 3979 1351 4052 πιόντας
1376 3982 1430 4047 καὶ

240 4083 292 4152 ἕνα
323 4080 433 4153 ἕκατον
462 4083 535 4165 ἰδία.
584 4082 691 4163 Quum
723 4084 983 4161 ἀντιπράττεπθαι
1008 4087 1051 4149 sir
1076 4085 1247 4151 barbarum
1273 4089 1347 4171 (non
1370 4091 1430 4154 mi·

238 4213 299 4258 nus
329 4211 425 4275 quam
462 4189 629 4272 χαίρομαι)
666 4188 842 4277 Kiessling.
879 4191 1096 4270 ἀντιπράττειν
1132 4194 1275 4257 coniecit.
1321 4193 1431 4260 Multo

237 4296 341 4365 lenius
374 4301 406 4364 et
436 4295 563 4362 facilius
595 4299 735 4384 corriges
765 4297 1034 4376 ἀντιτάττεσθαι,
1059 4318 1121 4383 quo
1144 4318 1252 4364 omnes
1276 4319 1312 4364 ee
1336 4321 1430 4368 sensu

236 4409 381 4472 utuntur.
428 4402 603 4471 Menander
625 4408 705 4470 noto-
724 4402 810 4470 loeo:
