3076 5004
813 263 855 331 32

238 457 323 541 παρθι
353 461 407 543 τὸν
435 456 517 528 ε’ντθς
550 455 674 540 τείχους
706 453 934 539 ἐξεταζόμενος.
971 458 1027 522 ubi
1056 458 1090 521 in
1120 455 1212 522 libris
1245 460 1293 520 est
1315 453 1430 538 χρνςθς

237 587 305 634 s1ne
328 588 431 632 sensu.

282 775 362 864 Pag.
396 775 471 841 145.
500 769 572 863 lege
595 779 633 848 ὡς
658 777 712 839 οὐκ
738 769 776 839 θον
800 771 834 848 ἐξ
858 773 966 854 ἐφόδου
992 775 1102 844 αὐτοὺς
1128 771 1172 836 ἔτι
1197 783 1430 852 χειρωσΑμενος

237 904 293 968 pro
323 881 560 962 χειρωσόμενος,
596 887 628 947 et
659 901 805 968 expunge
835 879 871 944 πθ
893 884 928 945 in
951 881 1056 948 uerbis
1084 881 1145 968 [τὸ]
1170 887 1283 960 πρῶτον
1307 882 1429 944 οὶναλα-

202 1008 204 1013 ’
237 989 306 1069 βεῖν
330 988 403 1073 ᾤετο
427 989 488 1052 δεῖν
511 989 565 1063 τὴν
589 987 718 1064 δύναμιν
742 988 775 1050 εἰι
800 991 854 1051 τοῦ
879 985 1026 1068 παρόντος
1051 986 1155 1052 κόπον.

283 1201 362 1288 Pag.
397 1197 472 1264 146.
505 1197 635 1278 Quaerit
658 1197 792 1262 Latinus
817 1219 855 1263 ex
879 1198 986 1262 Aenea
1010 1197 1042 1261 σι’
1064 1195 1250 1274 βουλόμενος
1276 1196 1349 1275 ἄγει
1374 1199 1428 1261 καὶ

237 1308 323 1390 Φέρει
356 1307 398 1372 τοὶ
429 1305 765 1387 χοιρία-παρασχὸν
800 1304 864 1390 [θον]
899 1305 983 1384 αὐτῷ
1011 1304 1215 1382 πῖον-πρὸς
1240 1306 1352 1385 Φιλίαν
1375 1305 1428 1368 καὶ

236 1417 309 1495 παρ’
342 1412 468 1480 ἕκθντοον
498 1412 707 1490 εὑρίσκεσθαις
740 1410 869 1476 Soioece
898 1411 1046 1498 adhaeret
1070 1395 1238 1495 participio
1263 1411 1429 1490 παρασχόν

235 1520 349 1587 vocula
367 1505 423 1584 ἄν.
450 1517 669 1583 Herodoteum
688 1521 718 1582 et
738 1516 983 1604 Thucydidcum
1004 1518 1139 1598 παρέχον
1160 1522 1193 1582 et
1209 1512 1242 1581 εὖ
1258 1517 1427 1598 παρασχόν

236 1628 349 1694 lubens
372 1627 546 1713 Dionysius
568 1626 727 1689 imitatur.

283 1839 416 1903 Latinus
449 1837 489 1902 ad
520 1836 661 1900 Aeneam
691 1855 765 1922 pag.
794 1832 869 1899 148.
893 1837 940 1899 ita
963 1834 1060 1898 dicit:
1085 1836 1160 1898 ἀλλ’
1184 1832 1286 1913 ἔγωγε
1310 1834 1429 1899 εὔνοιαν

238 1970 273 2010 τε
310 1946 382 2024 πρὸς
417 1941 504 2008 ἅπαν
539 1943 573 2006 τὸ
608 1941 787 2015 Ἑλληνικὸν
823 1941 910 2018 γένος
948 1938 1009 2020 ἔχει
1047 1940 1260 2026 (obliviscitur
1291 1964 1323 2007 so
1353 1963 1428 2006 cum

238 2052 383 2117 Troianis
423 2050 524 2135 loqui)
566 2048 619 2112 καὶ
662 2054 838 2128 συμφοραῖς
882 2047 1040 2124 ἀνθρώπων
1084 2051 1274 2123 ἀναγκαίαις
1320 2049 1426 2113 ποὲΝΥ

238 2157 389 2239 ἄχθομαι.
442 2155 591 2220 Retnaeta
622 2176 660 2220 ex
688 2154 766 2241 fuga
797 2156 988 2239 praepositio
1015 2155 1122 2219 locum
1154 2177 1267 2220 sanum
1299 2156 1427 2220 reddet:

238 2263 320 2329 πθοο
360 2259 598 2346 ΕτΝοθχθομαι.
645 2259 907 2329 Benevolentiam
939 2281 1030 2328 suam
1061 2268 1093 2329 et
1123 2262 1355 2329 οοοόοοθοοιθοοοο
1389 2264 1429 2330 si-

237 2370 378 2464 gnificat.
603 2375 605 2378 ⁴

283 2585 362 2672 Pag.
388 2582 464 2648 151.
497 2582 587 2646 αετθν
612 2581 643 2646 δὲ
667 2579 921 2660 προσπετόμενον
944 2581 1146 2663 ἀναρριπίζειν
1171 2592 1209 2663 τῇ
1234 2583 1346 2657 κινθσει
1371 2589 1429 2649 τῶν

240 2691 402 2770 πτερύγων
430 2692 484 2762 τὴν
508 2687 630 2769 φλόγα.
668 2689 812 2754 Emenda
834 2691 963 2756 iubente
986 2692 1033 2754 rei
1055 2693 1169 2754 natura
1192 2689 1428 2769 προσπτθμενον.

238 2798 419 2864 sexcenties
449 2797 483 2859 in
516 2797 647 2880 antiqua
678 2800 710 2860 et
741 2795 881 2861 obsoleta
913 2796 1015 2861 forma
1038 2797 1147 2860 aoristi
1169 2796 1298 2861 πτὲσθαι
1323 2799 1369 2862 sie
1391 2796 1430 2862 li-

238 2905 337 2970 brarii
361 2905 501 2987 peccant.
549 2900 617 2986 Ipsi
641 2909 754 2976 πτῆναι
779 2906 810 2966 et
834 2901 972 2967 πτοθσθαι
997 2907 1029 2966 et
1052 2903 1242 2975 πετασθῆναι
1266 2904 1428 2981 dicebant,

239 3016 271 3077 et
295 3013 329 3074 in
352 3009 510 3094 praesenti
533 3003 684 3072 ἵπτασθαι
707 3028 764 3094 pro
789 3009 947 3074 πέτεσθαι.
976 3093 977 3098 ¹

283 3221 362 3307 Pag.
398 3217 472 3281 154.
505 3219 673 3293 ποιούμενοι
700 3218 730 3283 δὲ
757 3219 807 3281 τὸν
833 3223 929 3282 πλοῦν
955 3221 1040 3295 παρα
1066 3220 1119 3293 τὴν
1143 3221 1288 3300 Εὐρώπαν
1312 3225 1354 3293 εἷς
1379 3223 1430 3286 τὸν

238 3327 375 3393 Μέλανα
396 3325 583 3402 καλούμενον
607 3326 810 3405 ἀφικνοῦνται
835 3325 956 3390 κθλπον.
994 3325 1181 3391 Ridiculum
1205 3333 1253 3392 est
1273 3330 1430 3407 Εὐρώπην.

239 3431 371 3520 Oorrige
403 3433 490 3510 παρα
523 3435 578 3507 τὴν
610 3439 810 3495 ΘΡΑΙΚΗΝ.
859 3431 948 3496 Idem
980 3435 1098 3498 vitium
1123 3456 1217 3518 supra
1240 3434 1431 3500 sustulimus

239 3561 314 3627 pag.
345 3537 397 3603 31.

283 3646 321 3711 In
348 3665 415 3730 sqq.
447 3645 477 3707 ἐν
508 3644 586 3722 νήσῳ
618 3643 674 3706 τινὶ
707 3643 774 3728 (τῆς
813 3644 949 3731 Θρρθκνς)
982 3645 1178 3724 ὁρμισάμενοι
1210 3668 1272 3711 non
1303 3652 1430 3712 tantum

238 3755 353 3818 vitiose
385 3750 525 3816 abundat
556 3757 610 3822 τῆς
641 3751 764 3832 Θρᾴκης
788 3756 859 3836 post
887 3756 1069 3819 restitutam
1093 3753 1201 3838 paullo
1225 3759 1296 3818 ante
1320 3774 1430 3819 veram

238 3859 408 3924 lectionem
440 3856 526 3934 παρα
559 3857 613 3929 τὴν
648 3857 789 3941 Θρᾴκην,
823 3859 877 3923 sed
907 3861 1113 3924 vehementer
1145 3860 1256 3925 dubito
1281 3881 1320 3924 an
1343 3869 1431 3934 νῆσος

239 3972 293 4038 τῆς
322 3964 444 4047 Θρρθκνς
468 3968 551 4027 recte
575 3962 699 4060 dicatus
722 3965 826 4029 insula
851 3966 995 4030 Τθιτοσθαο
1019 3967 1169 4030 adiacens.
1419 3953 1421 3955 ‚

285 4174 365 4260 Pag.
403 4169 478 4235 159.
508 4171 602 4242 Ἴλιος
639 4175 695 4251 μὲν
731 4174 794 4254 γὰρ
831 4174 892 4251 ὅλον
928 4183 1130 4248 τελευτῶντος
1163 4177 1216 4250 ἤδη
1248 4180 1301 4240 τοῦ
1334 4178 1431 4255 θέρους

242 4281 455 4345 ἑπτακαίδεκα
491 4281 629 4362 πρότερον
656 4280 781 4360 ἡμέραις
807 4289 862 4356 τῆς
887 4283 998 4361 θερινῆς
1024 4291 1136 4361 τροπῆς
1162 4268 1431 4364 ὀγθθρφθίνοντος

242 4389 334 4465 μιρνθς
367 4393 579 4466 Θαργηλιῶνος
594 4427 646 4454 -.
673 4387 815 4468 περιτταὶ
843 4387 874 4454 δὲ
900 4383 977 4463 ἦσαν
1001 4388 1034 4454 αἱ
1058 4391 1108 4454 τὸν
1134 4389 1270 4454 ἐνιαυτὸν
1293 4390 1431 4477 [ἐκεῖνον]
