<?xml version="1.0" encoding="UTF-8"?>
<!DOCTYPE html PUBLIC "-//W3C//DTD XHTML 1.0 Transitional//EN"
    "http://www.w3.org/TR/xhtml1/DTD/xhtml1-transitional.dtd">
<html xmlns="http://www.w3.org/1999/xhtml" xml:lang="en" lang="en">
 <head>
  <title>
</title>
<meta http-equiv="Content-Type" content="text/html;charset=utf-8" />
  <meta name='ocr-system' content='tesseract 3.04.00' />
  <meta name='ocr-capabilities' content='ocr_page ocr_carea ocr_par ocr_line ocrx_word'/>
</head>
<body>
  <div class='ocr_page' id='page_1' title='image "./observationescr00cobegoog_0130.png"; bbox 0 0 3076 5004; ppageno 0'>
   <div class='ocr_carea' id='block_1_1' title="bbox 795 278 859 362">
    <p class='ocr_par' dir='ltr' id='par_1_1' title="bbox 795 278 859 362">
     <span class='ocr_line' id='line_1_1' title="bbox 795 278 859 362; baseline 0 -1"><span class='ocrx_word' id='word_1_1' title='bbox 795 278 859 362; x_wconf 73' lang='lat'>102</span> 
     </span>
    </p>
   </div>
   <div class='ocr_carea' id='block_1_2' title="bbox 235 463 1422 681">
    <p class='ocr_par' dir='ltr' id='par_1_2' title="bbox 235 463 1422 681">
     <span class='ocr_line' id='line_1_2' title="bbox 279 463 1422 578; baseline -0.009 -23"><span class='ocrx_word' id='word_1_2' title='bbox 279 491 358 578; x_wconf 79' lang='lat' dir='ltr'>Peg.</span> <span class='ocrx_word' id='word_1_3' title='bbox 395 486 472 553; x_wconf 88' lang='grc'><strong>960.</strong></span> <span class='ocrx_word' id='word_1_4' title='bbox 503 484 629 567; x_wconf 74' lang='grc' dir='ltr'><em>Φροὶοοις</em></span> <span class='ocrx_word' id='word_1_5' title='bbox 660 483 691 546; x_wconf 78' lang='grc' dir='ltr'>ὑὲ</span> <span class='ocrx_word' id='word_1_6' title='bbox 723 482 816 548; x_wconf 74' lang='grc' dir='ltr'><em>οὐδενὶ</em></span> <span class='ocrx_word' id='word_1_7' title='bbox 854 488 925 550; x_wconf 82' lang='grc' dir='ltr'>ποῦ</span> <span class='ocrx_word' id='word_1_8' title='bbox 961 484 1072 563; x_wconf 78' lang='grc' dir='ltr'><em>μέλλει</em></span> <span class='ocrx_word' id='word_1_9' title='bbox 1106 463 1294 563; x_wconf 80' lang='grc' dir='ltr'><em>πορεὺεοὺοιι.</em></span> <span class='ocrx_word' id='word_1_10' title='bbox 1325 485 1422 567; x_wconf 82' lang='lat' dir='ltr'>turpe</span> 
     </span>
     <span class='ocr_line' id='line_1_3' title="bbox 235 587 1422 681; baseline -0.01 -18"><span class='ocrx_word' id='word_1_11' title='bbox 235 597 388 664; x_wconf 87' lang='lat' dir='ltr'>mendum</span> <span class='ocrx_word' id='word_1_12' title='bbox 406 614 463 681; x_wconf 90' lang='lat' dir='ltr'>pro</span> <span class='ocrx_word' id='word_1_13' title='bbox 482 601 575 669; x_wconf 85' lang='grc' dir='ltr'><strong>ΠΟΙ,</strong></span> <span class='ocrx_word' id='word_1_14' title='bbox 596 589 648 654; x_wconf 67' lang='grc' dir='ltr'>οόν·</span> <span class='ocrx_word' id='word_1_15' title='bbox 668 606 724 675; x_wconf 87' lang='lat' dir='ltr'>pro</span> <span class='ocrx_word' id='word_1_16' title='bbox 744 611 816 674; x_wconf 82' lang='lat' dir='ltr'>qao,</span> <span class='ocrx_word' id='word_1_17' title='bbox 836 595 874 655; x_wconf 90' lang='lat' dir='ltr'>ut</span> <span class='ocrx_word' id='word_1_18' title='bbox 892 593 1080 657; x_wconf 78' lang='lat' dir='ltr'>recentiores</span> <span class='ocrx_word' id='word_1_19' title='bbox 1100 587 1252 655; x_wconf 78' lang='lat' dir='ltr'>Graeculi</span> <span class='ocrx_word' id='word_1_20' title='bbox 1266 587 1422 654; x_wconf 85' lang='lat' dir='ltr'>solebant.</span> 
     </span>
    </p>
   </div>
   <div class='ocr_carea' id='block_1_3' title="bbox 236 797 1428 1422">
    <p class='ocr_par' dir='ltr' id='par_1_3' title="bbox 236 797 1428 1422">
     <span class='ocr_line' id='line_1_4' title="bbox 281 797 1425 893; baseline -0.007 -22"><span class='ocrx_word' id='word_1_21' title='bbox 281 806 361 893; x_wconf 81' lang='lat' dir='ltr'>Pag.</span> <span class='ocrx_word' id='word_1_22' title='bbox 386 802 462 869; x_wconf 89' lang='grc'><strong>960.</strong></span> <span class='ocrx_word' id='word_1_23' title='bbox 487 800 534 869; x_wconf 72' lang='lat' dir='ltr'>iva</span> <span class='ocrx_word' id='word_1_24' title='bbox 559 797 830 880; x_wconf 75' lang='grc' dir='ltr'><em>οῖπαροοσκενοέςνις</em></span> <span class='ocrx_word' id='word_1_25' title='bbox 844 838 885 848; x_wconf 92' lang='grc'>-</span> <span class='ocrx_word' id='word_1_26' title='bbox 899 801 1052 875; x_wconf 80' lang='grc' dir='ltr'><em>ε’πιὺιῖται.</em></span> <span class='ocrx_word' id='word_1_27' title='bbox 1102 800 1176 866; x_wconf 84' lang='lat' dir='ltr'>Fert</span> <span class='ocrx_word' id='word_1_28' title='bbox 1199 797 1352 863; x_wconf 80' lang='lat' dir='ltr'>Veterum</span> <span class='ocrx_word' id='word_1_29' title='bbox 1375 797 1425 864; x_wconf 93' lang='lat' dir='ltr'>lo·</span> 
     </span>
     <span class='ocr_line' id='line_1_5' title="bbox 238 905 1424 998; baseline -0.009 -20"><span class='ocrx_word' id='word_1_30' title='bbox 238 911 355 998; x_wconf 88' lang='lat' dir='ltr'>quendi</span> <span class='ocrx_word' id='word_1_31' title='bbox 374 908 565 976; x_wconf 86' lang='lat' dir='ltr'>consuetudo</span> <span class='ocrx_word' id='word_1_32' title='bbox 584 911 622 971; x_wconf 93' lang='lat' dir='ltr'>ut</span> <span class='ocrx_word' id='word_1_33' title='bbox 641 905 867 986; x_wconf 83' lang='grc' dir='ltr'><em>οῖπαροοοκεὺοις</em></span> <span class='ocrx_word' id='word_1_34' title='bbox 890 907 1034 986; x_wconf 89' lang='lat' dir='ltr'>dicatur,</span> <span class='ocrx_word' id='word_1_35' title='bbox 1056 927 1118 971; x_wconf 89' lang='lat' dir='ltr'>non</span> <span class='ocrx_word' id='word_1_36' title='bbox 1134 906 1424 984; x_wconf 79' lang='grc' dir='ltr'><em>οῖπαραοκενοέςοις,</em></span> 
     </span>
     <span class='ocr_line' id='line_1_6' title="bbox 237 1012 1426 1102; baseline -0.008 -18"><span class='ocrx_word' id='word_1_37' title='bbox 237 1018 293 1084; x_wconf 91' lang='lat' dir='ltr'>sed</span> <span class='ocrx_word' id='word_1_38' title='bbox 322 1038 413 1102; x_wconf 90' lang='lat' dir='ltr'>saepe</span> <span class='ocrx_word' id='word_1_39' title='bbox 444 1013 592 1081; x_wconf 79' lang='lat' dir='ltr'>Graeculi</span> <span class='ocrx_word' id='word_1_40' title='bbox 621 1016 667 1078; x_wconf 89' lang='lat' dir='ltr'>ita</span> <span class='ocrx_word' id='word_1_41' title='bbox 697 1017 840 1097; x_wconf 88' lang='lat' dir='ltr'>peccant.</span> <span class='ocrx_word' id='word_1_42' title='bbox 887 1012 986 1079; x_wconf 91' lang='lat' dir='ltr'>Recte</span> <span class='ocrx_word' id='word_1_43' title='bbox 1014 1019 1046 1078; x_wconf 89' lang='lat' dir='ltr'>et</span> <span class='ocrx_word' id='word_1_44' title='bbox 1077 1013 1243 1079; x_wconf 86' lang='lat' dir='ltr'>emendate</span> <span class='ocrx_word' id='word_1_45' title='bbox 1274 1012 1426 1077; x_wconf 79' lang='lat' dir='ltr'>scribitur</span> 
     </span>
     <span class='ocr_line' id='line_1_7' title="bbox 236 1115 1425 1211; baseline -0.008 -22"><span class='ocrx_word' id='word_1_46' title='bbox 236 1145 312 1211; x_wconf 81' lang='lat' dir='ltr'>pag.</span> <span class='ocrx_word' id='word_1_47' title='bbox 346 1120 442 1188; x_wconf 80' lang='lat'>1526.</span> <span class='ocrx_word' id='word_1_48' title='bbox 475 1118 520 1185; x_wconf 80' lang='grc' dir='ltr'>ἔτι</span> <span class='ocrx_word' id='word_1_49' title='bbox 551 1118 615 1199; x_wconf 72' lang='grc' dir='ltr'>γὰρ</span> <span class='ocrx_word' id='word_1_50' title='bbox 646 1118 859 1200; x_wconf 75' lang='grc' dir='ltr'><em>οὑπαροῖσκενοί</em></span> <span class='ocrx_word' id='word_1_51' title='bbox 889 1120 947 1184; x_wconf 82' lang='grc' dir='ltr'><em>εἱσι</em></span> <span class='ocrx_word' id='word_1_52' title='bbox 977 1119 1141 1198; x_wconf 81' lang='grc' dir='ltr'><em>Ῥωμαῖοι,</em></span> <span class='ocrx_word' id='word_1_53' title='bbox 1168 1123 1199 1183; x_wconf 81' lang='lat' dir='ltr'>et</span> <span class='ocrx_word' id='word_1_54' title='bbox 1222 1138 1296 1205; x_wconf 82' lang='lat' dir='ltr'>pag.</span> <span class='ocrx_word' id='word_1_55' title='bbox 1324 1115 1425 1182; x_wconf 82' lang='lat'>1528.</span> 
     </span>
     <span class='ocr_line' id='line_1_8' title="bbox 236 1223 1428 1310; baseline -0.007 -15"><span class='ocrx_word' id='word_1_56' title='bbox 236 1230 333 1307; x_wconf 80' lang='grc' dir='ltr'><em>ὑμὺσε</em></span> <span class='ocrx_word' id='word_1_57' title='bbox 355 1235 465 1310; x_wconf 84' lang='grc' dir='ltr'><em>χωρεῖν</em></span> <span class='ocrx_word' id='word_1_58' title='bbox 488 1233 551 1297; x_wconf 83' lang='grc' dir='ltr'><em>τοῖς</em></span> <span class='ocrx_word' id='word_1_59' title='bbox 572 1226 729 1301; x_wconf 75' lang='grc' dir='ltr'><em>πολεμίοις</em></span> <span class='ocrx_word' id='word_1_60' title='bbox 753 1224 963 1306; x_wconf 77' lang='grc' dir='ltr'><em>οὑπαροῖσκεννι</em></span> <span class='ocrx_word' id='word_1_61' title='bbox 981 1224 1075 1301; x_wconf 74' lang='grc' dir='ltr'><em>ὄντες,</em></span> <span class='ocrx_word' id='word_1_62' title='bbox 1095 1229 1127 1291; x_wconf 82' lang='lat' dir='ltr'>et</span> <span class='ocrx_word' id='word_1_63' title='bbox 1147 1227 1192 1290; x_wconf 84' lang='lat' dir='ltr'>sie</span> <span class='ocrx_word' id='word_1_64' title='bbox 1213 1223 1297 1310; x_wconf 85' lang='lat' dir='ltr'>apud</span> <span class='ocrx_word' id='word_1_65' title='bbox 1321 1223 1428 1288; x_wconf 82' lang='lat' dir='ltr'>Xeno·</span> 
     </span>
     <span class='ocr_line' id='line_1_9' title="bbox 236 1331 1107 1422; baseline -0.007 -21"><span class='ocrx_word' id='word_1_66' title='bbox 236 1336 390 1422; x_wconf 88' lang='lat' dir='ltr'>phontem</span> <span class='ocrx_word' id='word_1_67' title='bbox 413 1339 445 1401; x_wconf 92' lang='lat' dir='ltr'>et</span> <span class='ocrx_word' id='word_1_68' title='bbox 467 1332 540 1399; x_wconf 85' lang='lat' dir='ltr'>aliis</span> <span class='ocrx_word' id='word_1_69' title='bbox 562 1334 596 1396; x_wconf 93' lang='lat' dir='ltr'>in</span> <span class='ocrx_word' id='word_1_70' title='bbox 618 1331 709 1396; x_wconf 87' lang='lat' dir='ltr'>libris</span> <span class='ocrx_word' id='word_1_71' title='bbox 732 1331 810 1398; x_wconf 88' lang='lat' dir='ltr'>Mss.</span> <span class='ocrx_word' id='word_1_72' title='bbox 836 1352 927 1417; x_wconf 88' lang='lat' dir='ltr'>saepe</span> <span class='ocrx_word' id='word_1_73' title='bbox 950 1336 1107 1417; x_wconf 86' lang='lat' dir='ltr'>peccatur.</span> 
     </span>
    </p>
   </div>
   <div class='ocr_carea' id='block_1_4' title="bbox 228 1540 1427 1839">
    <p class='ocr_par' dir='ltr' id='par_1_4' title="bbox 228 1540 1427 1839">
     <span class='ocr_line' id='line_1_10' title="bbox 283 1540 1427 1631; baseline -0.003 -22"><span class='ocrx_word' id='word_1_74' title='bbox 283 1544 362 1631; x_wconf 80' lang='lat' dir='ltr'>Peg.</span> <span class='ocrx_word' id='word_1_75' title='bbox 389 1542 466 1608; x_wconf 89' lang='grc'><strong>966.</strong></span> <span class='ocrx_word' id='word_1_76' title='bbox 491 1542 641 1620; x_wconf 73' lang='grc' dir='ltr'>ἐξέβαλον</span> <span class='ocrx_word' id='word_1_77' title='bbox 660 1540 773 1612; x_wconf 78' lang='grc' dir='ltr'><em>αὑτοὺς</em></span> <span class='ocrx_word' id='word_1_78' title='bbox 797 1540 869 1605; x_wconf 77' lang='grc' dir='ltr'>ὑπὸ</span> <span class='ocrx_word' id='word_1_79' title='bbox 893 1547 949 1614; x_wconf 75' lang='grc' dir='ltr'><em>τοῖς</em></span> <span class='ocrx_word' id='word_1_80' title='bbox 973 1542 1100 1610; x_wconf 80' lang='grc' dir='ltr'><em>πόλεως.</em></span> <span class='ocrx_word' id='word_1_81' title='bbox 1134 1540 1232 1606; x_wconf 78' lang='lat' dir='ltr'>Estne</span> <span class='ocrx_word' id='word_1_82' title='bbox 1255 1543 1332 1608; x_wconf 86' lang='lat' dir='ltr'>satis</span> <span class='ocrx_word' id='word_1_83' title='bbox 1355 1561 1427 1624; x_wconf 87' lang='lat' dir='ltr'>pcr-</span> 
     </span>
     <span class='ocr_line' id='line_1_11' title="bbox 238 1644 1423 1735; baseline -0.003 -21"><span class='ocrx_word' id='word_1_84' title='bbox 238 1652 385 1735; x_wconf 85' lang='lat' dir='ltr'>spicuum</span> <span class='ocrx_word' id='word_1_85' title='bbox 409 1648 601 1734; x_wconf 83' lang='lat' dir='ltr'>Dionysium</span> <span class='ocrx_word' id='word_1_86' title='bbox 625 1646 746 1711; x_wconf 83' lang='lat' dir='ltr'>dedisse</span> <span class='ocrx_word' id='word_1_87' title='bbox 776 1648 817 1708; x_wconf 83' lang='grc' dir='ltr'>ἐκ</span> <span class='ocrx_word' id='word_1_88' title='bbox 846 1653 900 1719; x_wconf 75' lang='grc' dir='ltr'>τῆς</span> <span class='ocrx_word' id='word_1_89' title='bbox 926 1644 1064 1719; x_wconf 65' lang='grc' dir='ltr'><em>πόλεως’(</em></span> <span class='ocrx_word' id='word_1_90' title='bbox 1099 1666 1139 1711; x_wconf 77' lang='lat' dir='ltr'>nx</span> <span class='ocrx_word' id='word_1_91' title='bbox 1165 1648 1237 1711; x_wconf 77' lang='lat' dir='ltr'>arbe</span> <span class='ocrx_word' id='word_1_92' title='bbox 1259 1648 1423 1725; x_wconf 75' lang='grc' dir='ltr'><em>ονόοοιοοοοέ,</em></span> 
     </span>
     <span class='ocr_line' id='line_1_12' title="bbox 228 1736 1331 1839; baseline -0.005 -19"><span class='ocrx_word' id='word_1_93' title='bbox 228 1775 302 1820; x_wconf 79' lang='lat' dir='ltr'>non</span> <span class='ocrx_word' id='word_1_94' title='bbox 324 1774 365 1820; x_wconf 79' lang='lat' dir='ltr'>nc</span> <span class='ocrx_word' id='word_1_95' title='bbox 388 1755 477 1833; x_wconf 83' lang='lat' dir='ltr'>urbe,</span> <span class='ocrx_word' id='word_1_96' title='bbox 502 1754 587 1839; x_wconf 89' lang='lat' dir='ltr'>quod</span> <span class='ocrx_word' id='word_1_97' title='bbox 610 1752 783 1818; x_wconf 90' lang='lat' dir='ltr'>absurdum</span> <span class='ocrx_word' id='word_1_98' title='bbox 807 1756 864 1817; x_wconf 86' lang='lat' dir='ltr'>cst.</span> <span class='ocrx_word' id='word_1_99' title='bbox 1329 1736 1331 1741; x_wconf 40' lang='lat'><strong>¹</strong></span> 
     </span>
    </p>
   </div>
   <div class='ocr_carea' id='block_1_5' title="bbox 238 1959 1428 2472">
    <p class='ocr_par' dir='ltr' id='par_1_5' title="bbox 238 1959 1428 2472">
     <span class='ocr_line' id='line_1_13' title="bbox 285 1959 1426 2049; baseline -0.001 -21"><span class='ocrx_word' id='word_1_100' title='bbox 285 1963 365 2049; x_wconf 79' lang='lat' dir='ltr'>Pag.</span> <span class='ocrx_word' id='word_1_101' title='bbox 391 1961 467 2027; x_wconf 90' lang='grc'><strong>969.</strong></span> <span class='ocrx_word' id='word_1_102' title='bbox 491 1964 530 2036; x_wconf 70' lang='lat' dir='ltr'>cic</span> <span class='ocrx_word' id='word_1_103' title='bbox 555 1966 641 2043; x_wconf 80' lang='grc' dir='ltr'><em>σφῶν</em></span> <span class='ocrx_word' id='word_1_104' title='bbox 664 1985 704 2038; x_wconf 91' lang='grc' dir='ltr'><em>γε</em></span> <span class='ocrx_word' id='word_1_105' title='bbox 728 1961 788 2025; x_wconf 89' lang='grc' dir='ltr'>οὑΧ</span> <span class='ocrx_word' id='word_1_106' title='bbox 810 1959 1040 2042; x_wconf 80' lang='grc' dir='ltr'><em>ὑπεροψομένων</em></span> <span class='ocrx_word' id='word_1_107' title='bbox 1059 1969 1222 2040; x_wconf 77' lang='grc' dir='ltr'><em>συγγενεῖς</em></span> <span class='ocrx_word' id='word_1_108' title='bbox 1240 1960 1291 2025; x_wconf 77' lang='grc' dir='ltr'>καὶ</span> <span class='ocrx_word' id='word_1_109' title='bbox 1313 1962 1426 2043; x_wconf 79' lang='grc' dir='ltr'><em>Φῖλονς</em></span> 
     </span>
     <span class='ocr_line' id='line_1_14' title="bbox 238 2065 1426 2151; baseline 0.002 -18"><span class='ocrx_word' id='word_1_110' title='bbox 238 2068 464 2151; x_wconf 70' lang='grc' dir='ltr'>ἀφαιρεθέντος</span> <span class='ocrx_word' id='word_1_111' title='bbox 507 2070 562 2143; x_wconf 67' lang='grc' dir='ltr'>τὴν</span> <span class='ocrx_word' id='word_1_112' title='bbox 603 2067 748 2147; x_wconf 76' lang='grc' dir='ltr'>πατρίδα.</span> <span class='ocrx_word' id='word_1_113' title='bbox 806 2065 1015 2132; x_wconf 74' lang='lat' dir='ltr'>Scribendum</span> <span class='ocrx_word' id='word_1_114' title='bbox 1049 2069 1125 2131; x_wconf 89' lang='grc' dir='ltr'><em>οὑΧΙ</em></span> <span class='ocrx_word' id='word_1_115' title='bbox 1161 2068 1426 2147; x_wconf 58' lang='lat' dir='ltr'>deplorantes.</span> 
     </span>
     <span class='ocr_line' id='line_1_15' title="bbox 241 2174 1427 2263; baseline 0 -22"><span class='ocrx_word' id='word_1_116' title='bbox 241 2176 314 2241; x_wconf 89' lang='lat' dir='ltr'>Non</span> <span class='ocrx_word' id='word_1_117' title='bbox 336 2174 429 2240; x_wconf 86' lang='lat' dir='ltr'>aliter</span> <span class='ocrx_word' id='word_1_118' title='bbox 452 2195 488 2239; x_wconf 88' lang='lat' dir='ltr'>ec</span> <span class='ocrx_word' id='word_1_119' title='bbox 511 2195 604 2239; x_wconf 91' lang='lat' dir='ltr'>sensu</span> <span class='ocrx_word' id='word_1_120' title='bbox 627 2194 722 2259; x_wconf 93' lang='lat' dir='ltr'>quam</span> <span class='ocrx_word' id='word_1_121' title='bbox 748 2177 912 2250; x_wconf 79' lang='grc' dir='ltr'><em>ΠΕΡΙοροῖν</em></span> <span class='ocrx_word' id='word_1_122' title='bbox 936 2194 1045 2238; x_wconf 90' lang='lat' dir='ltr'>omnes</span> <span class='ocrx_word' id='word_1_123' title='bbox 1066 2178 1243 2239; x_wconf 88' lang='lat' dir='ltr'>constanter</span> <span class='ocrx_word' id='word_1_124' title='bbox 1263 2175 1427 2263; x_wconf 85' lang='lat' dir='ltr'>dicebant,</span> 
     </span>
     <span class='ocr_line' id='line_1_16' title="bbox 240 2279 1428 2366; baseline 0.001 -20"><span class='ocrx_word' id='word_1_125' title='bbox 240 2286 273 2346; x_wconf 89' lang='lat' dir='ltr'>et</span> <span class='ocrx_word' id='word_1_126' title='bbox 304 2282 477 2346; x_wconf 75' lang='lat' dir='ltr'>sexcenties</span> <span class='ocrx_word' id='word_1_127' title='bbox 502 2282 601 2345; x_wconf 89' lang='lat' dir='ltr'>etiam</span> <span class='ocrx_word' id='word_1_128' title='bbox 625 2280 709 2364; x_wconf 89' lang='lat' dir='ltr'>apud</span> <span class='ocrx_word' id='word_1_129' title='bbox 732 2279 924 2366; x_wconf 83' lang='lat' dir='ltr'>Dionysium</span> <span class='ocrx_word' id='word_1_130' title='bbox 946 2283 992 2344; x_wconf 88' lang='lat' dir='ltr'>ita</span> <span class='ocrx_word' id='word_1_131' title='bbox 1015 2285 1099 2344; x_wconf 86' lang='lat' dir='ltr'>recte</span> <span class='ocrx_word' id='word_1_132' title='bbox 1123 2279 1290 2366; x_wconf 86' lang='lat' dir='ltr'>scribitur,</span> <span class='ocrx_word' id='word_1_133' title='bbox 1314 2286 1352 2346; x_wconf 91' lang='lat' dir='ltr'>ut</span> <span class='ocrx_word' id='word_1_134' title='bbox 1376 2304 1428 2347; x_wconf 90' lang='lat' dir='ltr'>su-</span> 
     </span>
     <span class='ocr_line' id='line_1_17' title="bbox 239 2384 932 2472; baseline -0.003 -21"><span class='ocrx_word' id='word_1_135' title='bbox 239 2407 297 2472; x_wconf 84' lang='lat' dir='ltr'>pra</span> <span class='ocrx_word' id='word_1_136' title='bbox 319 2386 433 2451; x_wconf 89' lang='lat' dir='ltr'>multis</span> <span class='ocrx_word' id='word_1_137' title='bbox 456 2384 611 2470; x_wconf 85' lang='lat' dir='ltr'>exemplis</span> <span class='ocrx_word' id='word_1_138' title='bbox 634 2384 932 2451; x_wconf 85' lang='lat' dir='ltr'>demonstravimus.</span> 
     </span>
    </p>
   </div>
   <div class='ocr_carea' id='block_1_6' title="bbox 240 2591 1428 2786">
    <p class='ocr_par' dir='ltr' id='par_1_6' title="bbox 240 2591 1428 2786">
     <span class='ocr_line' id='line_1_18' title="bbox 285 2591 1427 2683; baseline 0.003 -23"><span class='ocrx_word' id='word_1_139' title='bbox 285 2595 364 2683; x_wconf 78' lang='lat' dir='ltr'>Pag.</span> <span class='ocrx_word' id='word_1_140' title='bbox 390 2594 466 2660; x_wconf 89' lang='grc'><strong>969.</strong></span> <span class='ocrx_word' id='word_1_141' title='bbox 490 2596 637 2661; x_wconf 87' lang='lat' dir='ltr'>inlibris</span> <span class='ocrx_word' id='word_1_142' title='bbox 660 2600 724 2661; x_wconf 84' lang='lat' dir='ltr'>est:</span> <span class='ocrx_word' id='word_1_143' title='bbox 751 2591 795 2660; x_wconf 85' lang='grc' dir='ltr'>ὑτι</span> <span class='ocrx_word' id='word_1_144' title='bbox 819 2603 890 2665; x_wconf 82' lang='grc' dir='ltr'><em>ταῖς</em></span> <span class='ocrx_word' id='word_1_145' title='bbox 911 2594 1088 2666; x_wconf 76' lang='grc' dir='ltr'><em>σπΟΝὑαῖς</em></span> <span class='ocrx_word' id='word_1_146' title='bbox 1113 2593 1377 2663; x_wconf 67' lang='grc' dir='ltr'><em>ἀναπεπτώκασιν</em></span> <span class='ocrx_word' id='word_1_147' title='bbox 1401 2596 1427 2663; x_wconf 82' lang='grc' dir='ltr'>οἱ</span> 
     </span>
     <span class='ocr_line' id='line_1_19' title="bbox 240 2701 1428 2786; baseline 0.003 -19"><span class='ocrx_word' id='word_1_148' title='bbox 240 2701 361 2767; x_wconf 75' lang='grc' dir='ltr'><em>πολλοί.</em></span> <span class='ocrx_word' id='word_1_149' title='bbox 419 2701 511 2781; x_wconf 81' lang='lat' dir='ltr'>Quod</span> <span class='ocrx_word' id='word_1_150' title='bbox 542 2702 733 2786; x_wconf 86' lang='lat' dir='ltr'>iampridem</span> <span class='ocrx_word' id='word_1_151' title='bbox 763 2722 958 2767; x_wconf 82' lang='lat' dir='ltr'>correxeram</span> <span class='ocrx_word' id='word_1_152' title='bbox 990 2710 1061 2773; x_wconf 78' lang='grc' dir='ltr'><em>ταῖς</em></span> <span class='ocrx_word' id='word_1_153' title='bbox 1093 2701 1267 2773; x_wconf 75' lang='grc' dir='ltr'><em>οπΟΥδαῖς</em></span> <span class='ocrx_word' id='word_1_154' title='bbox 1293 2705 1327 2767; x_wconf 90' lang='lat' dir='ltr'>in</span> <span class='ocrx_word' id='word_1_155' title='bbox 1356 2704 1428 2770; x_wconf 73' lang='lat' dir='ltr'>Ver.</span> 
     </span>
    </p>
   </div>
   <div class='ocr_carea' id='block_1_7' title="bbox 241 2805 1430 2979">
    <p class='ocr_par' dir='ltr' id='par_1_7' title="bbox 241 2805 1430 2979">
     <span class='ocr_line' id='line_1_20' title="bbox 242 2805 1430 2895; baseline 0.003 -24"><span class='ocrx_word' id='word_1_156' title='bbox 242 2808 323 2871; x_wconf 71' lang='lat' dir='ltr'>teet.</span> <span class='ocrx_word' id='word_1_157' title='bbox 344 2827 418 2893; x_wconf 82' lang='lat' dir='ltr'>pag.</span> <span class='ocrx_word' id='word_1_158' title='bbox 439 2805 516 2871; x_wconf 79' lang='lat'>200.</span> <span class='ocrx_word' id='word_1_159' title='bbox 536 2807 622 2871; x_wconf 89' lang='lat' dir='ltr'>idem</span> <span class='ocrx_word' id='word_1_160' title='bbox 642 2807 817 2895; x_wconf 84' lang='lat' dir='ltr'>Kiessling.</span> <span class='ocrx_word' id='word_1_161' title='bbox 838 2808 1052 2892; x_wconf 87' lang='lat' dir='ltr'>reponendum</span> <span class='ocrx_word' id='word_1_162' title='bbox 1071 2828 1138 2872; x_wconf 88' lang='lat' dir='ltr'>esse</span> <span class='ocrx_word' id='word_1_163' title='bbox 1155 2809 1254 2874; x_wconf 87' lang='lat' dir='ltr'>vidit:</span> <span class='ocrx_word' id='word_1_164' title='bbox 1267 2809 1430 2895; x_wconf 77' lang='lat' dir='ltr'>refriaa‘rae</span> 
     </span>
     <span class='ocr_line' id='line_1_21' title="bbox 241 2912 592 2979; baseline 0.003 -4"><span class='ocrx_word' id='word_1_165' title='bbox 241 2912 444 2977; x_wconf 75' lang='lat' dir='ltr'>multitudinis</span> <span class='ocrx_word' id='word_1_166' title='bbox 465 2929 592 2979; x_wconf 69' lang='lat' dir='ltr'>suurn.</span> 
     </span>
    </p>
   </div>
   <div class='ocr_carea' id='block_1_8' title="bbox 243 3120 1431 3521">
    <p class='ocr_par' dir='ltr' id='par_1_8' title="bbox 243 3120 1431 3521">
     <span class='ocr_line' id='line_1_22' title="bbox 288 3120 1427 3209; baseline 0.005 -23"><span class='ocrx_word' id='word_1_167' title='bbox 288 3121 369 3209; x_wconf 81' lang='lat' dir='ltr'>Pag.</span> <span class='ocrx_word' id='word_1_168' title='bbox 402 3120 478 3189; x_wconf 82' lang='grc'><strong>970.</strong></span> <span class='ocrx_word' id='word_1_169' title='bbox 512 3123 565 3198; x_wconf 73' lang='grc' dir='ltr'>ἤδη</span> <span class='ocrx_word' id='word_1_170' title='bbox 596 3123 627 3186; x_wconf 75' lang='grc' dir='ltr'>δέ</span> <span class='ocrx_word' id='word_1_171' title='bbox 660 3122 827 3187; x_wconf 90' lang='grc' dir='ltr'><em>ὑπεκινεῖτο</em></span> <span class='ocrx_word' id='word_1_172' title='bbox 860 3122 921 3209; x_wconf 75' lang='grc' dir='ltr'>[τὸ]</span> <span class='ocrx_word' id='word_1_173' title='bbox 953 3122 1032 3187; x_wconf 89' lang='grc' dir='ltr'>πολὺ</span> <span class='ocrx_word' id='word_1_174' title='bbox 1060 3127 1113 3188; x_wconf 84' lang='grc' dir='ltr'>τοῦ</span> <span class='ocrx_word' id='word_1_175' title='bbox 1139 3123 1302 3202; x_wconf 70' lang='grc' dir='ltr'><em>δημοτικοῦ</em></span> <span class='ocrx_word' id='word_1_176' title='bbox 1326 3122 1427 3206; x_wconf 76' lang='grc' dir='ltr'><em>μέρος.</em></span> 
     </span>
     <span class='ocr_line' id='line_1_23' title="bbox 244 3226 1429 3315; baseline 0.003 -23"><span class='ocrx_word' id='word_1_177' title='bbox 244 3227 335 3309; x_wconf 79' lang='lat' dir='ltr'>Quod</span> <span class='ocrx_word' id='word_1_178' title='bbox 365 3227 538 3315; x_wconf 85' lang='lat' dir='ltr'>Dionysius</span> <span class='ocrx_word' id='word_1_179' title='bbox 570 3229 647 3293; x_wconf 88' lang='lat' dir='ltr'>dicit</span> <span class='ocrx_word' id='word_1_180' title='bbox 678 3228 855 3313; x_wconf 89' lang='lat' dir='ltr'>appellatur</span> <span class='ocrx_word' id='word_1_181' title='bbox 885 3226 1004 3295; x_wconf 87' lang='lat' dir='ltr'>Graece</span> <span class='ocrx_word' id='word_1_182' title='bbox 1037 3230 1204 3301; x_wconf 77' lang='grc' dir='ltr'><em>ὑποκινεῖν,</em></span> <span class='ocrx_word' id='word_1_183' title='bbox 1235 3250 1298 3295; x_wconf 91' lang='lat' dir='ltr'>non</span> <span class='ocrx_word' id='word_1_184' title='bbox 1322 3233 1429 3298; x_wconf 84' lang='grc' dir='ltr'><em>ὑποκι-</em></span> 
     </span>
     <span class='ocr_line' id='line_1_24' title="bbox 243 3332 1431 3420; baseline 0.004 -21"><span class='ocrx_word' id='word_1_185' title='bbox 243 3334 369 3400; x_wconf 81' lang='grc' dir='ltr'><em>νεῖοὺαι.</em></span> <span class='ocrx_word' id='word_1_186' title='bbox 417 3333 527 3420; x_wconf 89' lang='lat' dir='ltr'>Itaque</span> <span class='ocrx_word' id='word_1_187' title='bbox 557 3332 593 3399; x_wconf 80' lang='grc' dir='ltr'>τό</span> <span class='ocrx_word' id='word_1_188' title='bbox 622 3333 824 3398; x_wconf 89' lang='lat' dir='ltr'>retinendum</span> <span class='ocrx_word' id='word_1_189' title='bbox 856 3339 904 3398; x_wconf 90' lang='lat' dir='ltr'>est</span> <span class='ocrx_word' id='word_1_190' title='bbox 935 3333 989 3399; x_wconf 90' lang='lat' dir='ltr'>sed</span> <span class='ocrx_word' id='word_1_191' title='bbox 1012 3335 1213 3400; x_wconf 86' lang='lat' dir='ltr'>scribendum</span> <span class='ocrx_word' id='word_1_192' title='bbox 1245 3337 1431 3405; x_wconf 78' lang='grc' dir='ltr'><em>ὑπεκίνει</em></span> 
     </span>
     <span class='ocr_line' id='line_1_25' title="bbox 243 3439 1431 3521; baseline 0.005 -18"><span class='ocrx_word' id='word_1_193' title='bbox 243 3439 279 3504; x_wconf 77' lang='grc' dir='ltr'>τὸ</span> <span class='ocrx_word' id='word_1_194' title='bbox 311 3439 389 3504; x_wconf 85' lang='grc' dir='ltr'><em>πολὺ</em></span> <span class='ocrx_word' id='word_1_195' title='bbox 422 3439 521 3521; x_wconf 80' lang='grc' dir='ltr'><em>μέρος.</em></span> <span class='ocrx_word' id='word_1_196' title='bbox 569 3439 614 3505; x_wconf 84' lang='lat' dir='ltr'>Ut</span> <span class='ocrx_word' id='word_1_197' title='bbox 644 3446 822 3518; x_wconf 69' lang='lat' dir='ltr'>aspexissit</span> <span class='ocrx_word' id='word_1_198' title='bbox 854 3442 899 3505; x_wconf 83' lang='lat' dir='ltr'>sic</span> <span class='ocrx_word' id='word_1_199' title='bbox 931 3441 1078 3505; x_wconf 80' lang='grc' dir='ltr'><em>ὑποκινεῖν</em></span> <span class='ocrx_word' id='word_1_200' title='bbox 1111 3447 1222 3508; x_wconf 81' lang='lat' dir='ltr'>neutro</span> <span class='ocrx_word' id='word_1_201' title='bbox 1246 3464 1340 3508; x_wconf 82' lang='lat' dir='ltr'>sensu</span> <span class='ocrx_word' id='word_1_202' title='bbox 1364 3443 1431 3509; x_wconf 85' lang='lat' dir='ltr'>dici</span> 
     </span>
    </p>
   </div>
   <div class='ocr_carea' id='block_1_9' title="bbox 245 3543 1429 3738">
    <p class='ocr_par' dir='ltr' id='par_1_9' title="bbox 245 3543 1429 3738">
     <span class='ocr_line' id='line_1_26' title="bbox 245 3543 1429 3634; baseline 0.003 -23"><span class='ocrx_word' id='word_1_203' title='bbox 245 3545 344 3629; x_wconf 87' lang='lat' dir='ltr'>solet,</span> <span class='ocrx_word' id='word_1_204' title='bbox 377 3549 414 3610; x_wconf 90' lang='lat' dir='ltr'>ut</span> <span class='ocrx_word' id='word_1_205' title='bbox 444 3547 642 3612; x_wconf 84' lang='lat' dir='ltr'>ostendimus</span> <span class='ocrx_word' id='word_1_206' title='bbox 673 3545 713 3610; x_wconf 89' lang='lat' dir='ltr'>ad</span> <span class='ocrx_word' id='word_1_207' title='bbox 747 3544 882 3610; x_wconf 90' lang='lat' dir='ltr'>Dionem</span> <span class='ocrx_word' id='word_1_208' title='bbox 917 3543 1182 3634; x_wconf 81' lang='lat' dir='ltr'>Chryscstcmum</span> <span class='ocrx_word' id='word_1_209' title='bbox 1216 3550 1250 3613; x_wconf 89' lang='lat' dir='ltr'>in</span> <span class='ocrx_word' id='word_1_210' title='bbox 1282 3551 1429 3615; x_wconf 80' lang='grc' dir='ltr'><em>Μοονοοι.</em></span> 
     </span>
     <span class='ocr_line' id='line_1_27' title="bbox 247 3649 525 3738; baseline 0.007 -22"><span class='ocrx_word' id='word_1_211' title='bbox 247 3649 345 3720; x_wconf 79' lang='grc'><strong>1877.</strong></span> <span class='ocrx_word' id='word_1_212' title='bbox 369 3671 443 3738; x_wconf 78' lang='lat' dir='ltr'>pag.</span> <span class='ocrx_word' id='word_1_213' title='bbox 468 3651 525 3718; x_wconf 81' lang='grc'>94.</span> 
     </span>
    </p>
   </div>
   <div class='ocr_carea' id='block_1_10' title="bbox 189 3857 1435 4480">
    <p class='ocr_par' dir='ltr' id='par_1_10' title="bbox 189 3857 1435 4480">
     <span class='ocr_line' id='line_1_28' title="bbox 292 3857 1430 3950; baseline 0.004 -23"><span class='ocrx_word' id='word_1_214' title='bbox 292 3860 371 3950; x_wconf 79' lang='lat' dir='ltr'>Pag.</span> <span class='ocrx_word' id='word_1_215' title='bbox 408 3857 483 3927; x_wconf 78' lang='grc'><strong>970.</strong></span> <span class='ocrx_word' id='word_1_216' title='bbox 522 3861 564 3934; x_wconf 75' lang='grc' dir='ltr'><em>εἰς</em></span> <span class='ocrx_word' id='word_1_217' title='bbox 601 3860 731 3941; x_wconf 73' lang='grc' dir='ltr'><em>δεσμοὺς</em></span> <span class='ocrx_word' id='word_1_218' title='bbox 765 3861 808 3928; x_wconf 67' lang='lat' dir='ltr'>roi</span> <span class='ocrx_word' id='word_1_219' title='bbox 843 3869 901 3929; x_wconf 82' lang='grc' dir='ltr'>τῶν</span> <span class='ocrx_word' id='word_1_220' title='bbox 938 3862 1091 3944; x_wconf 80' lang='grc' dir='ltr'><em>ὑποχρέων</em></span> <span class='ocrx_word' id='word_1_221' title='bbox 1125 3866 1248 3943; x_wconf 74' lang='grc' dir='ltr'><em>ὑπῆγον</em></span> <span class='ocrx_word' id='word_1_222' title='bbox 1283 3864 1430 3943; x_wconf 84' lang='grc' dir='ltr'><em>σὺμοιτοι.</em></span> 
     </span>
     <span class='ocr_line' id='line_1_29' title="bbox 245 3968 1433 4050; baseline 0 -14"><span class='ocrx_word' id='word_1_223' title='bbox 245 3970 403 4036; x_wconf 80' lang='lat' dir='ltr'>Diderunt</span> <span class='ocrx_word' id='word_1_224' title='bbox 432 3968 540 4045; x_wconf 76' lang='grc' dir='ltr'><em>δεσμοί</em></span> <span class='ocrx_word' id='word_1_225' title='bbox 566 3973 597 4034; x_wconf 87' lang='lat' dir='ltr'>et</span> <span class='ocrx_word' id='word_1_226' title='bbox 620 3968 732 4047; x_wconf 76' lang='grc' dir='ltr'><em>δεσμοὶ.</em></span> <span class='ocrx_word' id='word_1_227' title='bbox 780 3971 894 4048; x_wconf 66' lang='lat' dir='ltr'>Arcani</span> <span class='ocrx_word' id='word_1_228' title='bbox 919 3975 994 4035; x_wconf 92' lang='lat' dir='ltr'>sunt</span> <span class='ocrx_word' id='word_1_229' title='bbox 1016 3972 1153 4050; x_wconf 81' lang='lat' dir='ltr'>vincula,</span> <span class='ocrx_word' id='word_1_230' title='bbox 1180 3971 1286 4050; x_wconf 72' lang='grc' dir='ltr'><em>δεσμοί</em></span> <span class='ocrx_word' id='word_1_231' title='bbox 1306 3973 1340 4036; x_wconf 79' lang='lat' dir='ltr'>ia</span> <span class='ocrx_word' id='word_1_232' title='bbox 1364 3974 1433 4037; x_wconf 81' lang='lat' dir='ltr'>aia-</span> 
     </span>
     <span class='ocr_line' id='line_1_30' title="bbox 246 4074 1434 4165; baseline 0.003 -23"><span class='ocrx_word' id='word_1_233' title='bbox 246 4079 315 4142; x_wconf 83' lang='lat' dir='ltr'>culc</span> <span class='ocrx_word' id='word_1_234' title='bbox 345 4074 545 4140; x_wconf 77' lang='lat' dir='ltr'>coniectiones.</span> <span class='ocrx_word' id='word_1_235' title='bbox 591 4074 702 4165; x_wconf 86' lang='lat' dir='ltr'>Itaque</span> <span class='ocrx_word' id='word_1_236' title='bbox 733 4076 773 4149; x_wconf 77' lang='grc' dir='ltr'><em>εἰς</em></span> <span class='ocrx_word' id='word_1_237' title='bbox 808 4076 908 4151; x_wconf 78' lang='grc' dir='ltr'><em>δεομοῖ</em></span> <span class='ocrx_word' id='word_1_238' title='bbox 941 4078 1064 4155; x_wconf 77' lang='grc' dir='ltr'><em>ὑπῆγον</em></span> <span class='ocrx_word' id='word_1_239' title='bbox 1094 4099 1208 4144; x_wconf 83' lang='lat' dir='ltr'>verum</span> <span class='ocrx_word' id='word_1_240' title='bbox 1230 4083 1285 4144; x_wconf 90' lang='lat' dir='ltr'>cst.</span> <span class='ocrx_word' id='word_1_241' title='bbox 1334 4076 1371 4142; x_wconf 91' lang='lat' dir='ltr'>In</span> <span class='ocrx_word' id='word_1_242' title='bbox 1396 4100 1434 4146; x_wconf 82' lang='lat' dir='ltr'>ea</span> 
     </span>
     <span class='ocr_line' id='line_1_31' title="bbox 189 4180 1435 4274; baseline 0.002 -27"><span class='ocrx_word' id='word_1_243' title='bbox 189 4271 191 4274; x_wconf 8' lang='lat' dir='ltr'>y</span> <span class='ocrx_word' id='word_1_244' title='bbox 248 4202 370 4269; x_wconf 91' lang='lat' dir='ltr'>quoquc</span> <span class='ocrx_word' id='word_1_245' title='bbox 400 4180 559 4246; x_wconf 80' lang='lat' dir='ltr'>locutione</span> <span class='ocrx_word' id='word_1_246' title='bbox 589 4181 764 4269; x_wconf 89' lang='lat' dir='ltr'>Dionysius</span> <span class='ocrx_word' id='word_1_247' title='bbox 793 4182 945 4247; x_wconf 88' lang='lat' dir='ltr'>Latinum</span> <span class='ocrx_word' id='word_1_248' title='bbox 977 4183 1101 4248; x_wconf 88' lang='lat' dir='ltr'>dicendi</span> <span class='ocrx_word' id='word_1_249' title='bbox 1132 4205 1254 4250; x_wconf 90' lang='lat' dir='ltr'>morem</span> <span class='ocrx_word' id='word_1_250' title='bbox 1287 4187 1435 4269; x_wconf 87' lang='lat' dir='ltr'>sequitur</span> 
     </span>
     <span class='ocr_line' id='line_1_32' title="bbox 246 4287 1435 4380; baseline 0.001 -27"><span class='ocrx_word' id='word_1_251' title='bbox 246 4289 280 4353; x_wconf 85' lang='grc' dir='ltr'>νἰο</span> <span class='ocrx_word' id='word_1_252' title='bbox 304 4287 423 4352; x_wconf 76' lang='lat' dir='ltr'>vincula</span> <span class='ocrx_word' id='word_1_253' title='bbox 445 4288 606 4365; x_wconf 74' lang='lat' dir='ltr'>conticere,</span> <span class='ocrx_word' id='word_1_254' title='bbox 629 4290 789 4373; x_wconf 75' lang='lat' dir='ltr'>ebducere,</span> <span class='ocrx_word' id='word_1_255' title='bbox 812 4289 856 4361; x_wconf 82' lang='grc' dir='ltr'><em>εἰς</em></span> <span class='ocrx_word' id='word_1_256' title='bbox 880 4287 983 4380; x_wconf 74' lang='grc' dir='ltr'><em>δεσμοὶ</em></span> <span class='ocrx_word' id='word_1_257' title='bbox 1000 4289 1145 4368; x_wconf 36' lang='grc' dir='ltr'><em>*οῖποῖγειν</em></span> <span class='ocrx_word' id='word_1_258' title='bbox 1168 4311 1224 4376; x_wconf 91' lang='lat' dir='ltr'>pro</span> <span class='ocrx_word' id='word_1_259' title='bbox 1248 4293 1290 4363; x_wconf 81' lang='grc' dir='ltr'><em>εἷς</em></span> <span class='ocrx_word' id='word_1_260' title='bbox 1316 4290 1435 4370; x_wconf 79' lang='grc' dir='ltr'><em>δεσμω-</em></span> 
     </span>
     <span class='ocr_line' id='line_1_33' title="bbox 245 4392 550 4480; baseline -0.016 -16"><span class='ocrx_word' id='word_1_261' title='bbox 245 4393 342 4480; x_wconf 76' lang='grc' dir='ltr'><em>ιὺριον</em></span> <span class='ocrx_word' id='word_1_262' title='bbox 366 4392 550 4474; x_wconf 77' lang='grc' dir='ltr'><em>έμβοὶλλειν.</em></span> 
     </span>
    </p>
   </div>
   <div class='ocr_carea' id='block_1_11' title="bbox 0 0 1554 5004">
    <p class='ocr_par' dir='ltr' id='par_1_11' title="bbox 0 0 1554 5004">
     <span class='ocr_line' id='line_1_34' title="bbox 0 0 1554 5004; baseline 0 0"><span class='ocrx_word' id='word_1_263' title='bbox 0 0 1554 5004; x_wconf 95' lang='lat' dir='ltr'> </span> 
     </span>
    </p>
   </div>
  </div>
 </body>
</html>
