3076 5004
709 286 772 362 167

193 478 271 573 Peg.
300 483 396 551 1652.
428 487 454 550 εί
479 486 509 550 δὲ
533 485 787 566 ίοΦίαρτοι-αί
812 481 1072 564 ψυχαί-μετα
1097 481 1151 556 την
1174 445 1330 550 iccata·

145 593 205 671 γην
236 600 293 655 τῶν
324 590 475 666 σωμοίτων
506 590 776 668 ἘΝδιαμίνονσια
825 589 877 656 Sic
900 591 993 668 libri;
1019 591 1131 656 Editor
1155 588 1199 656 ἔτι
1222 591 1331 670 διαμέ-

145 723 241 764 νουσιν
265 698 441 762 substituit.
490 698 610 763 Verum
635 718 700 762 esse
724 698 859 762 arbitror
883 696 1166 775 ἘΠΙδιαμένονσια

192 909 271 995 Pag.
299 905 397 972 1653.
423 907 461 972 de
485 906 652 973 Coriolano
675 909 801 972 scribit:
826 908 898 970 ε’τῶν
924 908 954 972 δὲ
977 908 1061 984 μετὰ
1086 908 1120 972 πὸ
1139 907 1234 979 ποίίος
1256 910 1331 984 ὁμοῦ

146 1039 176 1079 τι
201 1015 406 1079 πεντακοσίων
429 1013 483 1088 ἤδη
508 1013 731 1091 διαγεγονότων
754 1015 786 1077 οὐ
812 1013 938 1091 γέγονεν
960 1013 1096 1090 ἐξίτηλος
1118 1018 1135 1090 ἡ
1156 1019 1209 1078 τοῦ
1229 1014 1331 1094 οίνδρὸς

146 1123 252 1198 μνήμη
284 1124 358 1185 αλλ’
389 1120 538 1203 ᾅδεται
571 1121 623 1184 καί
654 1121 795 1196 ὑμνεῖται
820 1120 890 1198 πρὸς
916 1119 1038 1183 τοίντων
1062 1121 1099 1191 ὠς
1125 1121 1254 1198 εὐσεβὴς
1280 1121 1332 1184 καί

145 1228 259 1298 δίκαιος
295 1229 377 1305 σὶνηρ.
440 1227 541 1305 Quem
578 1226 657 1291 Oato
693 1231 727 1290 in
764 1228 936 1307 Oripc'uc‘bco
969 1229 1052 1292 dixit
1088 1251 1221 1306 „morem
1253 1230 1335 1311 apud
1444 1314 1447 1319 ἡ

145 1335 271 1398 mamam
299 1336 377 1396 Ιιανοο
408 1335 561 1414 epulorum
583 1334 689 1418 fcisse
713 1341 746 1397 ct
768 1334 976 1419 deincepsque
999 1336 1174 1398 οοοιιίοινονοί
1197 1341 1335 1398 canerent

146 1443 189 1504 ud
217 1441 321 1503 citiam
351 1440 499 1504 οίονονιονη
533 1446 663 1503 cicorum
687 1441 789 1503 ίσαοίοε
808 1446 895 1525 utque
917 1440 1078 1516 virtutes?
1103 1437 1226 1524 (Cicero
1251 1441 1333 1504 Puer.

150 1547 259 1627 Quocrt
292 1545 345 1609 IV.
371 1545 415 1629 2.)
442 1568 515 1611 enm
539 1567 602 1610 non
622 1545 714 1630 plane
734 1546 830 1610 fnisse
851 1549 1071 1610 intermissum
1090 1547 1144 1610 sed
1164 1546 1336 1611 cantilenas

147 1654 300 1736 quasdam
332 1652 512 1717 convivales
545 1658 576 1716 et
608 1652 776 1737 populares
807 1655 841 1717 in
865 1653 1022 1718 clarorum
1045 1655 1188 1718 virorum
1211 1652 1336 1736 laudes,

147 1780 261 1845 easque
286 1763 462 1843 perveteres
487 1764 524 1823 ut

444 1867 472 1929 ἕν
497 1865 613 1943 μύρτον
638 1867 729 1930 κλαδί
754 1868 788 1931 τὸ
812 1865 902 1946 ξίφος
926 1867 1059 1947 Φορνίσω.

148 1992 203 2054 per
233 1992 287 2035 ora
318 1970 428 2055 populi
460 1971 610 2036 volitasse
642 1973 694 2036 hic
724 1972 873 2058 Dionysii
897 1973 985 2037 locus
1007 1971 1186 2038 luculenter
1209 1973 1337 2038 demon·

147 2083 233 2142 strat.
285 2077 332 2142 De
368 2077 479 2140 eadem
514 2098 548 2141 re
584 2078 693 2142 scribit
718 2077 827 2143 Oicero
849 2082 883 2142 in
908 2079 1006 2143 Bruto
1029 2081 1047 2163 5
1073 2079 1125 2143 75.
1151 2080 1266 2142 uticum
1289 2102 1336 2143 οιι-

149 2192 262 2248 είονοαί
292 2185 350 2246 illa
381 2184 514 2245 οονννιίαοι
525 2231 533 2260 ,
566 2207 640 2268 quoe
669 2184 771 2247 maltis
802 2185 930 2248 εωοοοοίίε
961 2191 1028 2248 octe
1050 2208 1133 2249 auom
1156 2192 1280 2249 aetutem
1303 2187 1336 2248 ν’νο

148 2290 243 2372 epulis
265 2313 325 2353 carc
347 2295 491 2353 cantitata
514 2313 533 2351 ω
556 2289 684 2370 είνιροοίίε
711 2291 842 2353 conciola
865 2293 901 2354 de
923 2293 1069 2354 clarorum
1088 2293 1219 2355 ωίνοναωο
1239 2293 1336 2354 locab-

149 2396 200 2459 bae
229 2396 262 2458 ν’νι
298 2396 472 2476 Οτίρίνοίίηε
501 2397 642 2479 arripuero
673 2396 796 2480 reliquii
829 2397 908 2460 Calc.
958 2395 993 2460 Si
1023 2397 1195 2483 diligenter
1227 2393 1336 2463 Cicero

149 2503 354 2585 quaesivisset
380 2523 442 2566 non
466 2503 618 2578 οσονιίιιο,
643 2503 697 2567 sed
721 2503 887 2566 cantilenae
911 2502 994 2587 apud
1018 2501 1200 2588 popellum,
1226 2503 1335 2581 ored0,

148 2608 322 2691 reperisset.
459 2599 463 2608 ’

191 2817 273 2906 Pag.
301 2817 399 2885 1654.
423 2823 456 2885 οὐ
480 2821 540 2899 μην
565 2819 697 2901 ἔδρασοίν
720 2845 759 2899 γε
783 2822 852 2887 οὔτε
876 2821 980 2902 μεῖζον
1001 2820 1071 2886 οὔτε
1091 2820 1237 2899 ἔλαττον,
1256 2823 1335 2890 adde

148 2926 248 3004 οὐδέν,
271 2927 353 3010 quod
374 2948 550 3012 numquam
572 2929 747 3016 Dionysius
767 2931 801 2993 in
819 2929 877 2994 hac
896 2929 1054 2994 locutione
1073 2933 1213 3007 omittit,
1234 2935 1332 2996 velut'

147 3054 219 3119 pag.
244 3030 343 3096 2118.
369 3031 448 3098 ίίλλο
475 3035 505 3098 δὲ
529 3036 665 3100 οὐδὲν-
681 3032 750 3099 οὕτε
775 3033 876 3114 μεῖζον
902 3035 963 3099 οὔτ’
988 3033 1129 3102 ἔλαττον.

193 3244 273 3334 Pag.
296 3245 392 3314 1657.
415 3244 529 3324 ἔλαβον
549 3247 723 3327 ἀποκρίσεις
744 3245 789 3312 ίτι
810 3247 960 3322 συνθήκας
979 3248 1036 3324 μὲν
1056 3247 1091 3311 οὔ
1110 3252 1207 3327 Φασιν
1230 3249 1333 3319 αὐτοῖς

149 3350 225 3417 είναι
259 3357 330 3432 πρὸς
361 3353 527 3430 Ῥωμαίους
561 3363 640 3436 κοινῇ
665 3354 832 3432 γενομένοις
856 3353 998 3419 οὐδέποτε
1008 3403 1016 3431 ,
1041 3355 1098 3426 τοὶς
1123 3355 1154 3419 δὲ
1176 3355 1247 3434 τρίς
1272 3355 1334 3433 βα-

149 3460 238 3524 σιλέα
262 3459 428 3539 Ταρκύνιον
452 3460 621 3536 ὁμολογίας
647 3463 833 3545 [αἰτιῶνται]
858 3462 1017 3525 λελύσθαι.
1056 3459 1332 3545 Supervacaneum

149 3573 180 3631 et
203 3567 376 3632 molestum
400 3568 557 3630 αἰτιῶνται
582 3565 668 3631 mala
691 3589 804 3633 manus
829 3569 961 3633 addidit.
996 3566 1135 3631 Miratus
1159 3566 1334 3634 Graeculus

148 3679 256 3738 notam
281 3675 562 3757 compositionem,
587 3694 625 3737 ex
649 3694 711 3757 qna
730 3675 829 3755 φασίν
849 3675 889 3739 ad
908 3675 1055 3737 λελύσθαι
1077 3695 1115 3738 ex
1135 3674 1335 3758 praecedenti

149 3779 182 3844 οὔ
206 3785 302 3859 Φασιν
328 3782 521 3866 cogitatione
546 3779 777 3865 supplendum,
802 3782 936 3844 inseruit
960 3780 1094 3844 verbnm
1118 3779 1211 3864 plane
1234 3779 1334 3847 aloci

150 3888 305 3953 sententia
328 3885 509 3951 abhorrens.
534 3886 573 3950 ci.
595 3885 746 3953 Valcken.
772 3885 811 3951 ad
834 3884 952 3951 Herod.
977 3885 1046 3951 Vll.
1073 3883 1145 3950 104.

194 4095 273 4186 Pag.
300 4097 396 4163 1661.
425 4098 468 4164 πίι
500 4108 653 4178 σημεῖα
684 4105 742 4164 τῶν
766 4098 1023 4180 λόχων-παρα
1047 4104 1104 4163 τῶν
1129 4099 1335 4181 σημειοφόρων

149 4202 292 4284 οὶρτοίζων
324 4207 365 4277 είς
401 4206 511 4281 μίσους
543 4207 675 4286 ἐρρίπτει
706 4207 775 4277 τοὺς
808 4205 971 4281 πολεμίους
1002 4201 1051 4269 ίνα
1075 4206 1109 4271 τὸ
1134 4207 1195 4279 δέος
1221 4208 1332 4280 αὐτοὺς

150 4319 203 4385 τῆς
236 4311 357 4389 ε’ννίμον
391 4314 537 4391 τιμωρίας
564 4315 587 4377 εί
612 4317 656 4390 μη
682 4313 891 4377 οίνασιίσαιντο
917 4311 975 4381 τὰς
1007 4313 1191 4388 σημαίας
1224 4312 1335 4393 ἄνδρας

151 4419 287 4496 οίγαίοὺς
319 4415 394 4484 είναι
428 4419 602 4504 οίναγκοίση.
651 4420 742 4502 Siqua
773 4418 1012 4503 manipulorum
1043 4439 1062 4483 a
1088 4417 1243 4504 Dionysio
1266 4443 1337 4507 pro*
