3076 5004
701 335 762 406 141

132 533 266 596 σεαυτοῦ
299 528 471 603 ποιήσαντι.
518 527 556 594 In
588 530 647 595 hae
677 531 796 596 ironica
826 532 1024 616 oppositione
1048 529 1105 608 μέν
1129 535 1177 597 ast
1199 553 1326 619 prorsus

131 638 346 703 necessarium
376 643 439 706 τοῖς
471 643 565 699 ΜΕΝ
599 636 737 709 ὑπάτοις.
785 637 907 702 Mirum
938 645 986 703 est
1017 659 1113 723 quam
1144 660 1236 726 saepe
1268 641 1325 720 μέν
1374 702 1376 707 s

131 743 192 808 nbi
216 743 322 808 deesse
346 745 476 807 omnino
499 745 610 828 nequit
632 746 664 807 in
688 743 779 810 libris
801 765 863 811 non
888 752 1078 832 compareat.
1200 732 1205 738 ⁴
1291 734 1294 742 ¹

180 847 302 916 Deinde
325 848 427 914 scribe
450 849 542 929 ’Υπὲρ
567 855 710 916 σεαυτοῦ.

181 1061 263 1150 Peg.
287 1058 387 1125 1392.
411 1067 467 1136 τῆς
491 1060 522 1125 δὲ
547 1066 600 1126 τοῦ
624 1061 710 1129 σίτου
736 1063 939 1150 [διαπράσεώς
964 1090 999 1131 τε
1019 1065 1088 1152 καὶ]
1110 1065 1326 1140 διαθέσεως-

134 1168 224 1235 αὐτοὶ
248 1165 519 1245 ἐπιμελησόμεθα.
554 1169 626 1234 Non
649 1169 729 1235 solet
748 1170 921 1258 Dionysius
940 1174 1047 1258 inepte
1067 1173 1222 1238 vocabula
1242 1191 1328 1257 pror·

133 1296 191 1341 sus
221 1274 393 1353 ῖσοδιίναμα
420 1277 623 1362 coniungere.
670 1276 762 1342 Nihil
784 1278 878 1361 plane
901 1281 1032 1343 interest
1055 1281 1140 1344 inter
1164 1278 1328 1355 διάπρασις

133 1387 170 1447 at
194 1380 337 1454 διάθεσις.
385 1382 584 1446 Διαπίθεσθαι
609 1385 695 1448 anim
719 1390 767 1448 est
790 1394 922 1459 πωλεῖν,
944 1385 1139 1450 ἀποδίδοσθαι
1161 1385 1244 1470 apud
1264 1383 1330 1449 He·

133 1488 286 1554 nodotum
310 1493 343 1552 et
365 1489 489 1553 Atticos
513 1495 645 1554 veteres.
692 1489 923 1575 Harpocration
957 1491 1149 1564 Διάθεσις
1181 1493 1249 1555 άνπί
1274 1493 1328 1554 τοῦ

133 1599 248 1675 πράσις
280 1594 454 1674 Ἰσοκράτης
488 1595 633 1671 Βουσίριδι
668 1600 751 1683 (pag.
787 1596 930 1680 2211).
957 1598 1024 1662 άντί
1051 1598 1082 1663 δὲ
1105 1603 1158 1664 τοῦ
1185 1595 1329 1663 άποδεδθ-

132 1704 218 1780 μεθα
243 1700 319 1788 (lag.
348 1699 541 1789 ἀπεδόμεθα)
567 1702 583 1765 δ
592 1701 785 1780 ιεθθμεθα
812 1699 897 1769 εἶπεν
921 1705 1085 1782 Ἀντιφῶν.

182 1807 344 1873 Lubenaer
366 1806 541 1893 Dionysius
564 1814 670 1874 vetera
693 1809 848 1875 vocabulo
871 1831 948 1877 usus
973 1815 1037 1890 est,
1062 1814 1115 1876 cui
1133 1813 1238 1880 nescio
1258 1811 1330 1896 quis

133 1914 431 2000 interpretationem
455 1913 631 2000 adscripsit.

184 2125 264 2214 Pag.
298 2123 395 2189 1393.
430 2122 529 2200 ἔδοξεν
562 2125 848 2196 αὐτοῖς-πείθειν
879 2128 950 2199 τοὺς
986 2128 1194 2204 προεςηκθτας
1229 2130 1330 2194 αὐτῶν

136 2230 245 2312 χάριτι
276 2240 330 2306 τῆς
362 2231 477 2309 βουλῆς
511 2231 691 2296 παύσασθαι
723 2233 776 2295 καὶ
809 2235 854 2310 μη
879 2235 1034 2313 παράγειν
1056 2237 1107 2301 τὸν
1131 2236 1279 2317 Μάρκιον.
1305 2237 1329 2300 εί

138 2338 171 2404 δὲ
196 2338 240 2416 μὴ
269 2339 426 2425 [πείθοιεν]
453 2341 495 2409 είς
520 2340 732 2419 μακροτάτους
759 2339 998 2415 άναβάλλεσθνι
1019 2341 1155 2420 χρόνους.
1203 2343 1332 2428 Expun-

136 2444 281 2533 gendum
304 2450 352 2510 est
375 2448 520 2522 πείθοιεν,
546 2448 695 2530 quoniam
718 2450 891 2530 utrumqne
915 2466 934 2510 a
957 2447 1095 2511 tribunis
1119 2447 1224 2532 plebei
1244 2455 1331 2533 pete-

136 2552 216 2617 bant
246 2557 302 2618 aut
330 2557 368 2616 nt
399 2551 560 2617 Marcium
590 2555 624 2617 in
655 2554 813 2617 iudicium
846 2573 909 2617 non
941 2552 1131 2617 adducerent
1156 2558 1212 2618 aut
1236 2555 1332 2617 utin

136 2656 361 2746 longissimam
385 2657 471 2722 diem
493 2657 651 2723 iudicium
674 2661 949 2745 procrastinarent.

184 2765 324 2850 Apparet
358 2784 396 2830 ex
431 2785 497 2850 sqq.
534 2765 622 2841 παρά
654 2765 685 2829 δὲ
717 2771 774 2830 τῶν
804 2765 972 2845 δημάρχων
1003 2767 1057 2841 την
1088 2767 1144 2844 μὲν
1176 2767 1328 2846 ὁλοσχερῆ

139 2867 268 2952 πάρεσιν
287 2872 347 2954 οὐχ
366 2868 498 2952 εὕροντο,
519 2873 574 2947 την
594 2870 626 2936 δὲ
646 2872 688 2945 είς
708 2869 815 2951 χρόνον
837 2867 903 2937 ὅσον
917 2870 1016 2949 ἠξίουν
1030 2873 1188 2951 άναβολίρν
1202 2871 1331 2952 ἔλαβον.

186 3083 266 3172 Pag.
293 3081 389 3148 1399.
416 3077 467 3148 θτε
492 3083 562 3155 τοὺς
586 3082 733 3160 βασιλεῖς
756 3079 961 3157 άπηλάσατε.
1009 3081 1196 3168 Disorepant
1218 3087 1332 3164 testes;

141 3188 199 3256 alii
229 3188 462 3266 άπηλλάξατε,
498 3190 555 3255 alii
589 3188 783 3264 άπηλάσατε
818 3194 993 3255 servarunt.
1041 3188 1122 3254 Utro
1157 3193 1205 3255 eet
1238 3191 1334 3258 lectio

139 3294 265 3382 potior?
308 3295 382 3363 Sine
407 3298 620 3363 controversia
643 3317 757 3362 verum
781 3301 829 3361 est
852 3293 1085 3381 άπηλλάξατε,
1109 3296 1142 3360 id
1165 3302 1212 3362 est
1235 3297 1335 3363 άπελ-

140 3405 201 3467 θεῖν
220 3403 402 3478 ἐποιήσατε,
422 3423 561 3487 namque
582 3401 762 3479 άπελάσοιι,
783 3402 866 3487 quod
887 3407 935 3467 est
955 3403 1087 3484 οίίροοο,
1112 3403 1198 3467 odito
1218 3426 1333 3480 arcere,

140 3510 180 3574 ab
203 3507 272 3576 h.1.
296 3508 530 3575 alienissimum
554 3513 611 3573 est.
658 3508 849 3573 Rectissime
874 3514 982 3573 contra
1006 3507 1124 3573 dicitur
1146 3497 1246 3575 inira:
1281 3513 1333 3577 καί

140 3615 210 3687 τοὺς
234 3616 380 3694 βασιλεῖς
405 3614 547 3689 ἕπιθντος
572 3615 754 3678 άπειίσινσθε
778 3615 817 3680 de
841 3615 971 3702 regibus
994 3618 1142 3702 pervim
1166 3619 1200 3681 in
1221 3619 1335 3684 urbem

138 3721 249 3787 reverti
272 3721 470 3787 conantibus.
499 3722 537 3786 of.
560 3742 635 3808 pag.
660 3719 767 3785 1510:
790 3719 884 3785 ε’δίκει
905 3725 1000 3786 πάσιν
1021 3721 1244 3788 άπαλλάττειν
1264 3724 1334 3798 τοὺς

140 3828 252 3909 άνδρας
277 3829 311 3891 ἐκ
334 3837 388 3903 τῆς
414 3827 532 3900 πίλους
548 3863 605 3906 -,
632 3827 854 3905 ἐπιμεληθῆναι
878 3827 909 3893 δὲ
934 3836 989 3904 τοῖς
1015 3827 1212 3908 άπαλλαμῆς
1235 3833 1335 3897 αὐτῶν

142 3936 211 4008 τοὺς
238 3933 386 4008 ὑπάτους.

187 4146 267 4235 Pag.
300 4144 397 4212 1400.
430 4147 462 4211 οὐ
494 4144 557 4226 γάρ
586 4146 620 4220 δη
653 4143 758 4231 [τοῦτθ
788 4143 824 4222 μ’
862 4142 900 4210 άν
928 4142 1005 4210 είπσι
1030 4168 1075 4218 τις
1101 4141 1161 4231 θ’το]
1190 4153 1247 4212 τῶν
1277 4150 1333 4228 μὲν

142 4255 263 4320 ίδιοιτῶν
287 4251 404 4340 [ίντιον]
425 4249 466 4324 οἷς
488 4254 522 4318 τὸ
543 4259 728 4330 μειονεκτεῖν
749 4247 917 4329 συμβαίνει
938 4251 1004 4330 περὶ
1024 4251 1082 4324 τάς
1105 4252 1215 4329 κρίσεις
1228 4259 1333 4334 κυρίαν

142 4356 219 4424 είναι
251 4348 300 4425 δεῖ
327 4363 382 4433 την
413 4357 461 4423 ἐπὶ
495 4357 547 4422 τὸν
580 4357 675 4431 δῆμον
706 4354 890 4442 πρθκλησιν,
922 4361 995 4436 ἡμῖν
1018 4359 1049 4423 δὲ
1074 4365 1137 4429 τοῖς
1162 4358 1335 4442 δημάρχοις

144 4462 261 4547 άιιυρον.
307 4465 392 4532 Fieri
421 4469 527 4550 potest
558 4469 596 4529 ut
625 4464 798 4550 Dionysius
833 4467 901 4548 ipse
932 4463 1088 4530 addiderit
1118 4467 1214 4537 verba
1246 4473 1334 4534 τοῦτο
