3076 5004
694 286 737 358 49

117 493 186 552 AB.
217 480 346 549 eorreeit
377 480 570 566 Stephanum?
615 481 725 547 Etiam
756 483 902 548 omnium
928 483 1044 567 optimi
1067 503 1306 572 nonnumquam

118 591 303 658 dormitant.
349 585 426 653 Sine
448 607 539 654 mora
562 589 733 663 ἐπιθήσουσι
752 609 864 654 revoca
888 610 924 654 ac
947 591 1027 654 scito
1051 586 1103 662 icc
1129 592 1212 676 apud
1231 591 1306 658 Dio-

117 698 250 785 nysium
275 696 373 761 etiam
396 715 471 760 cnm
486 696 601 779 futuro
625 696 776 783 coniungi
798 694 914 773 solere,
939 695 1041 765 ueluti
1060 717 1134 785 pag.
1155 695 1231 763 423.
1252 692 1305 772 ἕως

119 805 138 879 ἡ
161 800 347 884 μητρόπολις
371 798 484 880 ἄρξει.

164 909 278 976 Bestat
308 908 427 974 vitium
453 908 489 971 in
512 905 639 988 κρότοι,
660 907 715 973 sed
738 909 813 994 quia
835 907 1128 994 frequentissimum
1152 915 1201 976 est
1223 910 1308 996 apud

117 1015 312 1102 Dionysium
345 1013 478 1095 εὐτυχές
514 1018 570 1079 ant
601 1014 696 1080 καλόν
731 1019 787 1080 aut
821 1015 856 1079 τὸ
890 1015 1040 1085 κόιλιςον
1070 1017 1233 1082 ἐπιτιθέναι
1264 1018 1307 1099 τῷ

117 1123 244 1202 πολέμῳ
274 1128 422 1186 ΤΕΛΟΟ
452 1125 562 1206 parata
592 1126 640 1186 est
670 1119 860 1186 emendatio.
909 1121 1014 1188 Facile
1036 1122 1252 1210 intelligimus
1273 1127 1308 1189 in

116 1232 246 1296 vetusto
269 1230 302 1292 et
324 1226 441 1291 detrito
473 1225 589 1293 Codice
620 1228 811 1311 superfuisse
839 1227 1249 1295 tentum'an**onc1N
1273 1238 1306 1296 et

116 1334 275 1408 iunloc,
312 1331 424 1398 deinde
457 1337 627 1418 utramque
658 1332 806 1398 lacunam
837 1333 1008 1400 homuncio
1038 1338 1085 1401 ita
1116 1338 1246 1401 sarcivit
1267 1341 1306 1400 ut

114 1439 169 1507 illi
190 1439 303 1506 solent.

163 1547 328 1612 ’Λποιιόειν
351 1565 387 1611 eo
410 1565 472 1630 quo
495 1543 636 1610 diximus
659 1566 753 1610 sensu
775 1544 896 1634 legitur
919 1553 951 1612 et
974 1546 1051 1612 alibi
1075 1553 1107 1614 et
1130 1569 1201 1638 pag.
1230 1547 1306 1618 776.

112 1653 256 1719 οὶπόλνοε
279 1653 331 1717 τόν
355 1648 504 1730 ἄγγελον.

160 1760 260 1833 Τέλος
283 1762 318 1824 in
341 1779 378 1825 ea
400 1779 434 1824 re
457 1760 598 1845 positum
623 1758 744 1846 legitur
766 1778 839 1846 pag.
866 1757 941 1824 390.
966 1761 1000 1825 τό
1021 1760 1169 1831 κόλλιςον
1189 1763 1304 1842 λαβεῖν

112 1868 186 1942 τοὺς
212 1865 364 1945 πολέμους
388 1866 494 1943 τέλος,
520 1871 552 1931 et
574 1885 647 1953 pag.
674 1863 772 1931 1216.
798 1864 887 1937 πόλις
912 1866 1074 1948 εἰληφότος
1097 1868 1131 1933 τό
1155 1869 1305 1940 cessem

111 1977 169 2039 τοῦ
195 1972 342 2050 πολέμου.

160 2079 240 2146 Post
268 2098 370 2164 pauca
400 2078 521 2162 optime
551 2075 685 2144 Reiske:
715 2079 838 2157 ποιηρὸν
861 2077 892 2141 δὲ
917 2079 1020 2152 αὐτοῖς
1047 2081 1098 2145 eci
1123 2083 1157 2148 τό
1182 2082 1305 2151 όπιέναι

111 2190 188 2268 μετ’
221 2185 372 2265 αἰσχύνης
405 2193 461 2259 τῆς
493 2183 653 2265 ιἰτροόιιτον
684 2186 948 2266 ἘΠΙΧΕΙοιὶτοαι
976 2188 1045 2273 (pro
1068 2190 1305 2278 ἀναχωρήσεως)

112 2293 262 2378 ἐφαίνετο
286 2287 374 2357 εἶναι.

162 2503 289 2569 Vitium
320 2506 369 2568 est
398 2500 611 2588 Dionysianae
635 2503 873 2585 compositionis
896 2506 934 2567 ut
956 2503 1013 2568 ubi
1036 2509 1158 2572 veteres
1180 2511 1214 2572 in
1237 2531 1305 2575 ver-

111 2611 167 2677 bis
197 2609 392 2676 deliberandi
418 2608 603 2672 οοιιόιιιιοιόοο
625 2607 798 2671 utebantur
811 2607 959 2691 futurum
982 2614 1094 2694 ponat,
1120 2617 1157 2677 ut
1182 2614 1214 2678 h.
1227 2614 1250 2681 l.
1275 2617 1306 2680 ἓν

113 2719 216 2799 βουλῇ
240 2716 398 2795 elevem
422 2713 545 2794 πότερον
577 2709 807 2788 οὶποόξονοιν
840 2711 892 2777 ἐπ’
916 2714 996 2779 οἶκον
1020 2717 1079 2788 τόις
1103 2716 1246 2796 δυνάμεις
1261 2759 1303 2773 -

114 2819 627 2905 ἣπροοιιεπαπέμψονται
650 2819 779 2899 ςοαπιοὶν
804 2817 909 2900 ἑτέραν
930 2819 1039 2886 οόιιοόεν
1059 2823 1110 2887 καὶ
1136 2848 1303 2905 προσμε-

114 2933 231 2996 νοῦτι
261 2932 473 3010 λιπαροῦντες.
522 2923 697 3013 Complura
728 2925 825 2993 huius
858 2928 905 2993 rei
940 2928 1085 3017 exempla
1118 2931 1201 2998 infra
1234 2955 1305 3020 pro·

113 3036 264 3104 feremus.

160 3248 241 3337 Peg.
275 3245 351 3313 329.
383 3247 521 3312 Romani
552 3247 586 3309 in
617 3243 702 3310 bello
733 3243 849 3309 Sabino
877 3246 987 3331 inopes
1011 3248 1134 3314 consilii
1157 3251 1306 3321 dicuntur

115 3355 231 3421 fuisse:
256 3353 334 3419 ὀὔτε
364 3353 427 3432 peip
458 3351 634 3417 ἀποδιδόναι
668 3349 726 3422 ‘tice
751 3358 904 3428 γυναῖκας
928 3350 1025 3426 aliique
1049 3353 1119 3420 οὔτε
1143 3358 1302 3441 κατέχειν.

116 3462 235 3547 Aperte
257 3459 374 3525 falsum
400 3465 433 3525 et
455 3457 630 3523 absurdum
653 3456 713 3521 hoc
733 3461 797 3521 est:
818 3479 910 3541 aeque
928 3461 1052 3524 reddere
1070 3484 1162 3548 aeque
1180 3472 1307 3532 reticere

116 3566 261 3631 colebant.
308 3564 372 3630 Sed
404 3563 492 3630 salva
519 3584 568 3628 res
591 3568 656 3638 est,
680 3563 756 3647 quia
778 3583 828 3627 res
850 3565 920 3647 ipsa
942 3566 1082 3648 postulat
1104 3575 1141 3632 ut
1165 3570 1305 3638 dicatur:

116 3673 241 3737 reddere
269 3672 408 3736 nolebant
438 3677 466 3735 et
496 3669 625 3734 retinere
656 3691 715 3732 ιιοιι
740 3676 891 3752 poterent.
939 3669 1041 3736 Periit
1065 3675 1197 3740 verbum
1222 3679 1306 3761 quod

115 3777 196 3844 latet
225 3781 260 3843 in
291 3783 498 3853 κατΕΧΕΙΝ,
530 3792 661 3860 nempe:
694 3773 764 3839 οὔτε
795 3774 969 3840 ἀποδιδόναι
1000 3776 1097 3854 ἠξίουν
1122 3781 1192 3847 οὔτε
1214 3784 1305 3850 κατό-

114 3907 186 3966 χειν
211 3892 353 3950 ΕΙΧΟΝ.

161 3989 282 4057 Deinde
305 3990 406 4056 scribe
428 3991 463 4054 in
482 4008 549 4073 sqq.
570 3993 642 4059 ταῖς
662 3985 840 4060 αὐθαδείαις
860 3988 893 4052 οὐ
913 3988 1074 4070 μετριότης
1094 3992 1302 4075 ’erylyeem

115 4096 188 4177 πρὸς
212 4095 246 4160 τὸ
271 4095 442 4162 ecelesiae
466 4113 523 4180 pro
546 4092 705 4171 γίγνεται.

161 4305 199 4372 ln
228 4306 313 4373 bello
344 4304 461 4372 Sabino
489 4307 597 4390 raptae
628 4325 646 4369 a
677 4301 797 4370 Senatu
828 4312 941 4392 petunt
972 4330 1047 4397 pag.
1080 4309 1156 4377 331.
1184 4320 1221 4380 ut
1243 4318 1305 4384 sibi

115 4413 212 4480 liceat
233 4417 379 4499 parentes
401 4412 568 4480 convenire
592 4414 624 4476 et
647 4409 686 4477 de
709 4432 785 4499 pace
809 4434 914 4502 agere.
963 4415 1017 4481 Fit
1037 4413 1151 4482 Sctum
1170 4425 1207 4486 ut
1225 4442 1305 4509 quae

166 4530 233 4570 mon.
252 4529 313 4572 unu.
1118 4525 1134 4575 4
