3076 5004
730 259 797 334 203

171 450 227 524 aa
252 462 310 522 τῶν
332 452 490 531 δυνΑτύν,
514 459 551 520 ut
571 457 723 541 perpetuo
742 453 882 540 appellat
901 456 1027 540 eosqui
1046 457 1159 542 opibus
1178 450 1357 543 plurimum

169 567 202 631 in
226 563 312 631 Urbe
333 562 505 650 pollebant.
1060 580 1063 585 ·

212 758 292 848 Pag.
326 758 424 826 2165.
460 755 714 839 ταραςνσύριενοι
745 756 795 822 τὸν
827 755 944 838 κύρυιια
971 758 1042 830 τοὺς
1067 758 1299 837 βουλεύΟοντας
1323 757 1357 836 ἐξ

170 863 319 945 ύνύροατσς
349 875 456 932 καλεῖν
488 867 633 931 ἐκέλευον.
683 864 870 952 Legendum
902 865 972 938 τούς
1004 864 1211 944 βουλεύοντας
1242 869 1276 933 id
1310 871 1358 933 est

170 973 333 1039 Senatores.
379 972 537 1038 Βουλεύειν
562 973 649 1038 enim
672 976 705 1035 et
728 971 812 1055 apud
834 971 1042 1036 Athenienses
1067 976 1099 1037 et
1122 974 1206 1059 apud
1234 976 1359 1059 sequio-

169 1101 218 1146 res
250 1101 375 1166 semper
401 1081 488 1145 idem
520 1075 678 1165 significat
703 1084 864 1142 senatorem
887 1100 964 1162 ecoe,
987 1080 1034 1142 ita
1056 1084 1094 1143 ut
1116 1078 1264 1145 futurum
1286 1079 1356 1154 τούς

171 1185 397 1265 βουλεύσοντας
420 1185 514 1272 plane
538 1181 823 1249 abendoniae

214 1381 295 1469 Peg.
320 1378 418 1447 2167.
444 1378 594 1462 ταριύντα
619 1377 644 1442 δ’
668 1378 761 1444 αὐτὸν
785 1375 830 1444 ἔτι
850 1380 1040 1457 καταμαθὼν
1054 1378 1193 1452 Ἄττιος
1215 1379 1267 1444 καὶ
1288 1382 1356 1444 καθ’

171 1488 309 1554 ἓαυτΟΝ
333 1511 364 1553 τι
388 1485 488 1562 λέξειν
512 1486 661 1563 ἐλπίσας,
687 1505 801 1552 verum
825 1489 872 1550 est
896 1484 966 1549 καθ’
991 1486 1137 1551 ἕαυτΟΤ.
1177 1485 1218 1550 Ie
1240 1508 1272 1550 se
1293 1487 1357 1551 dio-

170 1603 269 1660 torom
292 1594 414 1680 aliquid
436 1613 499 1658 non
520 1594 684 1658 immerito
707 1591 906 1677 opinabatur.

216 1788 296 1877 Peg.
330 1784 428 1856 2167.
462 1787 561 1853 καίτοι
591 1787 669 1859 τίνος
700 1783 832 1851 ἔλαττον
859 1788 949 1850 τοῦτο
981 1783 1092 1862 κακίν,
1117 1782 1163 1850 ύτι
1189 1788 1356 1869 Οὐαλέριος

172 1895 210 1960 ὢν
243 1895 396 1980 [Ποτῖτος]
427 1896 465 1968 ὥς
497 1888 539 1964 είς
572 1898 630 1958 τῶν
663 1891 821 1972 ίλαχίςονν
852 1892 905 1956 οὐκ
938 1889 1000 1973 ἔχον
1031 1891 1066 1956 τύ
1097 1890 1176 1969 ’ίσονς
1210 1892 1358 1959 Primum
1438 1956 1442 1963 .

172 2000 374 2066 scribendum
404 1998 467 2064 dre
498 1999 742 2085 quondoquidem.
800 1997 920 2063 Deinde
948 1997 1108 2064 insulsum
1142 2007 1269 2072 Ποτῖτος
1307 2021 1358 2065 er-

171 2127 288 2194 punge.
327 2105 443 2172 Omnia
461 2110 535 2170 sunt
555 2108 589 2169 in
612 2104 779 2183 Οὐαλέριος
799 2107 853 2182 οὐν,
875 2110 913 2169 ut
931 2103 979 2168 M.
1000 2105 1158 2170 Antonius
1174 2105 1258 2190 apud
1271 2102 1359 2172 (lice-

172 2233 282 2278 ronem
301 2212 380 2276 dicit
401 2218 454 2290 „et
477 2212 586 2274 Οοινςοιί
603 2217 631 2274 et
649 2208 815 2274 Aatoee'oo’'
837 2208 874 2273 ln
894 2207 952 2273 tali
974 2231 1008 2275 re
1027 2211 1130 2276 dicere
1151 2259 1169 2289 „
1180 2218 1209 2277 et
1229 2213 1276 2277 M.
1297 2215 1359 2278 Aa·

171 2317 287 2384 toee'oa'’
316 2316 370 2385 vel
402 2315 569 2396 Οὐαλέριος
603 2315 639 2380 ὢν
672 2322 816 2399 Ποτῖτος,
853 2313 967 2380 stolida
1001 2320 1048 2381 est
1071 2320 1271 2403 arrogantia,
1295 2339 1358 2384 non

172 2425 327 2505 φρίννρια.
374 2422 447 2509 Ipsa
470 2421 636 2488 collocatio
663 2420 833 2488 verborum
865 2426 962 2508 auget
987 2421 1109 2487 fraudis
1135 2425 1357 2508 suspicionem.

172 2529 313 2596 Dixisset
340 2532 427 2594 enim
451 2526 618 2607 Οὐαλέριος
647 2534 776 2598 Ποτῖτος
800 2526 854 2605 to,
878 2547 942 2592 non
965 2526 1132 2610 Οὐαλέριος
1157 2527 1194 2592 eo
1219 2539 1357 2605 Ποτῖτος.

217 2635 407 2701 Rectissime
429 2633 537 2720 paullo
562 2638 634 2699 ante
657 2633 797 2699 dixerat:
822 2633 867 2711 ριύ
892 2635 926 2710 ρι’
950 2632 1090 2715 ocreae
1111 2632 1206 2712 λύγου
1230 2618 1360 2713 βουλευ·

173 2741 227 2815 τὴν
251 2739 326 2805 ὐντα
349 2740 401 2805 καί
427 2739 593 2820 Οὐαλέριον
619 2738 670 2803 καί
693 2738 758 2820 περί
779 2738 928 2820 σωτηρίας
948 2746 1003 2812 τοῖς
1023 2737 1141 2813 στύλειος
1164 2742 1268 2820 λέγειν
1287 2743 1360 2824 βου-

174 2845 311 2926 λόμενον.
336 2852 368 2912 et
390 2867 463 2934 pag.
488 2844 588 2912 2170.
614 2847 702 2923 ὑμεῖς
726 2845 897 2925 Οὐαλερίου
921 2843 1012 2923 λίνον
1036 2846 1221 2926 οῖφελεῖσύε;

218 3026 298 3115 Peg.
330 3023 431 3092 2168.
463 3022 760 3105 ύμοῖς-ίίταντας
785 3029 885 3088 καλοῖ·
910 3023 992 3108 [καί]
1017 3026 1070 3090 οὐκ
1094 3026 1209 3103 aaron
1233 3026 1290 3105 ροὲν
1313 3023 1359 3094 ύτι

173 3132 225 3199 δια
255 3140 340 3208 κενοῖς
373 3136 463 3198 τούτο
494 3139 583 3209 aoso,
615 3131 754 3214 φανερὰν
784 3131 814 3195 δὲ
844 3130 1082 3209 βουλίμΕΝΟΟ
1114 3135 1192 3196 τοῖσι
1217 3133 1358 3212 γενέσθαι

175 3241 229 3316 cio
254 3237 442 3319 συνωμοσίαν
467 3239 560 3317 ὑμῶν.
604 3238 717 3304 Editor
740 3231 908 3316 βούλσμΑΙ
932 3238 1109 3303 substituit.
1144 3237 1361 3304 Retinendum

110 3427 115 3432 ¹
174 3351 222 3412 est
244 3345 448 3425 βουλόμενος,
470 3345 524 3411 sed
546 3364 603 3430 pro
626 3345 726 3424 οῖρνού
750 3343 966 3430 reponendum
984 3345 1101 3422 οῖρνούν
1122 3348 1154 3410 et
1173 3345 1361 3430 praecedens

174 3454 229 3520 καί
252 3452 433 3519 delendum.

219 3631 300 3721 Peg.
333 3628 431 3697 2171.
465 3626 543 3706 οῖξιοι
575 3628 639 3710 γὰρ
670 3629 708 3695 do
740 3630 845 3710 είνριεν
877 3629 929 3695 καὶ
961 3634 1067 3695 ταῦτα
1091 3629 1143 3695 αα)
1170 3625 1214 3696 ἔτι
1237 3631 1362 3715 χείρονα

176 3738 290 3806 τούτων
321 3735 460 3818 τύσχειν
482 3736 534 3818 ἐφ’
559 3736 671 3815 ύμΩΝ
695 3736 862 3815 γενόμενοι.
908 3735 1000 3804 Nihil
1023 3735 1182 3824 significat
1205 3739 1257 3819 ἐφ’
1281 3740 1362 3817 ὑμῶν

177 3851 209 3913 et
240 3845 463 3932 corrigendum
493 3842 545 3924 ἐφ’
576 3842 666 3921 ὐριΙΝ
689 3844 723 3907 οόο
746 3852 843 3909 νοτίου
859 3851 1022 3928 potestate,
1047 3863 1109 3928 quo
1131 3865 1224 3910 sensu
1248 3845 1361 3913 Latine
1416 3904 1418 3909 .

177 3948 330 4017 Consules
360 3951 509 4016 dicuntur
539 3949 573 4012 νἰι
589 3956 713 4033 potrum
725 3956 873 4034 potestate
895 3973 955 4015 esse
977 3954 1033 4016 aut
1047 3951 1125 4034 fore
1145 3971 1178 4016 se
1200 3949 1362 4037 polliceri,

175 4058 211 4123 id
243 4062 291 4123 est
322 4078 359 4122 ee
387 4055 489 4122 faeere
520 4064 577 4121 aut
604 4076 641 4121 ea
671 4076 704 4122 se
735 4055 873 4122 facturos
904 4059 1091 4143 promittere
1116 4077 1196 4143 quae
1218 4059 1363 4143 patribus

176 4163 345 4250 placerent.

221 4270 280 4337 Est
311 4273 439 4347 autem,
472 4273 511 4333 ut
540 4289 624 4334 nunc
653 4268 764 4346 rideo,
796 4268 831 4332 in
854 4267 1004 4333 omnibus
1026 4267 1118 4336 libris
1141 4270 1194 4353 ἐφ’
1218 4270 1308 4357 ὑμῖν,
1332 4272 1364 4339 et

174 4375 348 4443 Hudsonus
371 4376 424 4459 ἐφ’
449 4375 533 4455 ὐρούν
557 4376 703 4441 correxit.
749 4369 931 4441 (lorrectort
963 4375 964 4379 ’
