3076 5004
675 245 719 330 tt

145 443 227 545 Peg.
258 453 337 524 217.
368 451 427 535 ῦτρι
457 453 492 529 δή
525 476 582 518 τινι
613 449 713 534 τρόπῳ
745 452 875 531 οίναιρεῖ.
922 448 1049 516 Vitium
1071 453 1120 516 est
1142 444 1290 541 Dionysi-

97 584 181 630 anae
204 563 353 628 dictionis
377 556 441 632 ῦτιι
465 558 500 636 δή
524 583 572 631 τις
595 580 652 645 pro
675 553 738 631 ῦςις
763 555 810 632 δή.
845 557 917 623 Non
940 559 1039 624 sensit
1062 579 1160 644 quam
1182 561 1290 645 inepte

98 693 149 743 τις
181 670 215 733 in
246 690 283 734 ea
310 667 484 734 formabis
507 671 685 752 poneretur.
733 662 868 751 Saepius
891 668 999 730 autem
1023 667 1071 731 ita
1092 664 1236 752 loquitur
1258 671 1291 732 et

99 781 149 843 est
173 777 203 842 ei
226 795 304 842 auus
327 794 412 841 error
435 772 671 860 relinquendus.

146 988 228 1076 Peg.
261 984 339 1052 219.
370 984 460 1062 ἧνίκα
484 983 514 1049 a
539 990 594 1059 τῆς
619 983 649 1046 ἐν
673 984 715 1063 τοῦ
739 979 882 1060 γοίλακτι
906 989 1020 1067 τροφῆς
1045 984 1222 1064 οῦπνλλοίγν
1246 988 1288 1053 τὰ

100 1093 214 1160 παιδία
245 1093 404 1180 (Romulus
433 1098 461 1156 et
489 1089 611 1176 Romae)
637 1086 763 1164 δοθῆναι
788 1091 860 1169 πρὸς
883 1095 941 1154 τῶν
966 1090 1136 1171 τρεφόντων
1161 1093 1204 1166 εἰς
1227 1102 1289 1158 Γα-

101 1201 189 1280 βίους
222 1198 311 1266 πόλιν
342 1200 375 1264 οῦ
405 1197 530 1279 μακρὰν
559 1196 648 1283 [απὸ]
673 1200 726 1262 τοῦ
750 1197 952 1262 Παλλαντίου
980 1196 1120 1274 κειμένην
1151 1201 1191 1270 οῦς
1215 1203 1289 1266 Ἑλ·

102 1305 188 1373 λιίδα
213 1306 357 1373 παιδείαν
380 1302 550 1384 ἐκμάθοιεν.
598 1303 702 1383 Quam
725 1323 778 1367 me
801 1302 958 1370 delectant
985 1304 1144 1371 Romulus
1171 1310 1203 1372 et
1229 1307 1292 1373 Re·

102 1434 178 1480 mus
212 1415 269 1499 qui
303 1433 321 1478 a
354 1412 438 1478 laete
473 1410 596 1496 depulsi
631 1411 741 1474 statim
773 1405 903 1475 Graecis
931 1409 1035 1476 literis
1058 1417 1090 1476 et
1113 1412 1291 1499 disciplinis

104 1540 234 1606 operam
258 1519 423 1584 dederunt.
471 1515 524 1582 Sin
548 1515 643 1582 Philo
665 1515 803 1581 iudaeus
824 1518 858 1579 in
881 1517 944 1580 ονίο
964 1517 1062 1582 Monte
1081 1521 1162 1585 serio
1181 1521 1292 1586 scribit

104 1629 213 1692 dootos
231 1625 385 1712 quosdam
404 1645 444 1690 ex
464 1620 598 1690 Graecia
617 1624 651 1686 in
671 1623 858 1710 Aegyptum
874 1628 1005 1691 ,vocatos
1025 1645 1090 1690 esse
1110 1628 1166 1710 qui
1179 1625 1292 1692 Mosen

104 1729 235 1799 Graecis
267 1729 446 1817 disciplinis
476 1730 656 1796 imbuerent
692 1725 730 1814 ¹).
778 1727 936 1794 Romulus
970 1730 1098 1796 videtur
1132 1733 1295 1818 imprimis

102 1838 254 1904 historiae
273 1837 396 1902 dedisse
415 1857 560 1922 operam,
581 1837 657 1922 quia
678 1836 712 1897 in
732 1836 927 1901 orationibus
947 1856 1024 1921 quas
1044 1836 1177 1903 subinde
1195 1838 1292 1905 habet

102 1964 168 2011 non
197 1946 355 2009 minorem
386 1943 537 2008 historiae
568 1938 706 2008 Graecae
738 1943 954 2028 cognitionem
986 1947 1018 2006 et
1042 1942 1293 2032 intelligentiam

104 2050 244 2117 ostendit
267 2070 365 2135 quam
388 2051 420 2114 in
445 2052 514 2135 ipso
537 2049 691 2135 Dionysio
713 2047 811 2112 fuisse
834 2047 991 2113 videmus.

149 2155 239 2224 Male
261 2156 421 2223 abundare
444 2157 633 2243 praepositio
657 2153 785 2220 videtur
806 2156 841 2217 in
859 2155 981 2220 verbis:
1003 2154 1036 2219 οῦ
1056 2156 1179 2237 μακροὶν
1200 2156 1293 2243 [ατί]

102 2267 158 2329 τοῦ
181 2262 385 2328 Παλλαντίου
409 2260 559 2341 ιιειμίννν.
606 2259 695 2326 Solet
717 2261 804 2325 enim
827 2260 1001 2348 Dionysius
1019 2262 1053 2326 οῦ
1074 2262 1199 2345 μακροίν
1220 2285 1294 2331 oum

100 2372 250 2460 genitivo
275 2389 472 2457 eomponere.

150 2579 229 2668 Pag.
254 2577 331 2646 223.
352 2578 456 2653 ἐπειδὴ
469 2578 550 2644 οῦδὲν
570 2577 707 2656 ἐμειοῦτο
726 2583 783 2651 τῦς
799 2578 950 2651 οτοίοευς.
977 2575 1292 2670 Ooniunginonpog.

101 2693 181 2754 sunt
200 2687 282 2752 οῦδὲν
300 2692 356 2759 τῦς
375 2684 514 2770 τοίοευς,
536 2705 615 2770 quae
633 2705 696 2750 non
708 2691 755 2750 est
768 2681 889 2751 Graeca
900 2689 1088 2772 compositio
1104 2689 1159 2754 sed
1171 2690 1295 2758 duabus
1379 2733 1381 2737 >

100 2793 245 2862 literulis
267 2794 411 2880 repetitis
433 2792 653 2858 scribendum:
679 2793 761 2858 οὐδὲν
785 2793 924 2870 ἐμειοῦτο
947 2802 1006 2858 ΤΟ
1032 2803 1088 2869 rsit
1112 2793 1239 2872 setosae.

151 3003 232 3093 Peg.
263 3000 340 3070 224.
373 3003 503 3084 Φυλακὶς
534 3003 656 3084 ἀμφοῖν
686 3011 786 3084 παρῆν
819 3005 871 3068 οῦκ
902 3004 1110 3087 ἐπιτρέψουσα
1142 3003 1161 3072 t
1188 3031 1218 3074 τι
1249 3014 1293 3088 μῦς

102 3113 220 3194 Φανείν
244 3108 353 3186 λέξειν.
401 3109 596 3188 Ἐπιτρίπειν
620 3130 659 3175 ex
680 3112 749 3195 ipsa
767 3113 882 3175 natura
904 3112 994 3177 verbi
1014 3133 1088 3178 oum
1097 3115 1213 3198 futuro
1232 3139 1296 3184 non

103 3218 317 3303 oomponitur.
364 3215 552 3303 legendum
583 3214 697 3293 λέγειν.
743 3215 815 3281 Non
836 3215 964 3282 videtur
988 3238 1024 3283 ea
1047 3221 1191 3286 custodia
1214 3227 1294 3291 aeris

103 3308 283 3392 admodum
313 3323 427 3400 fuisse,
461 3323 537 3406 quia
567 3320 726 3386 Romulus
760 3323 871 3386 statim
904 3323 1108 3407 impudenter
1140 3332 1296 3397 mentitus

104 3451 161 3498 eos
183 3432 288 3496 mittit
311 3429 350 3495 ad
373 3428 504 3494 fratrem
527 3430 566 3501 ιῦς
590 3428 730 3509 πρίτερος
754 3427 820 3493 ίδίον
843 3428 960 3500 αίοίους
983 3429 1110 3504 οίυνοῦς.

152 3640 233 3728 Peg.
259 3637 335 3706 225.
359 3638 390 3703 ἐν
413 3637 444 3704 δὲ
467 3637 564 3720 τούτῳ
588 3638 703 3703 δώδεκα
723 3642 824 3717 γῦπες
843 3636 934 3704 αίοιοι
955 3640 1115 3717 πετόμενοι
1135 3642 1296 3734 ῦφίνοαν,

106 3743 157 3821 οῦς
189 3746 256 3812 ἰδὼν
287 3746 389 3825 θαρρεῖ
418 3768 453 3810 τε
485 3746 537 3809 καί
567 3746 609 3825 τῷ
634 3745 739 3826 Ῥώμῳ
763 3744 851 3822 λέγει
875 3744 978 3823 δείξας
1001 3749 1072 3819 τοὺς
1095 3749 1227 3825 οίυνοῦς·
1252 3755 1296 3819 Τί

105 3854 171 3936 γαρ
202 3851 299 3930 οῦξιοῖς
330 3851 373 3917 τοῦ
403 3851 506 3918 ποίλαι
538 3853 692 3931 γενόμενα
724 3850 847 3932 petrin
872 3852 980 3919 τούσδε
1004 3853 1067 3936 γαρ
1091 3853 1186 3932 δήπου
1211 3859 1294 3944 [τοὺς

108 4017 309 4034 m

141 4148 167 4212 1)
182 4147 255 4198 Philo
272 4148 302 4198 da
316 4147 368 4198 vita
384 4147 458 4199 Mesia
475 4146 541 4199 Tem.
561 4146 596 4199 ΙΙ.
613 4166 667 4216 pag.
686 4151 725 4201 84.
744 4149 826 4216 Meng.
851 4143 993 4198 διδάσκαλοι
1018 4144 1042 4198 δ’
1065 4146 1131 4208 stote
1155 4149 1296 4217 ἀλλαχόθεν

108 4235 181 4290 ἕλλοι
207 4241 361 4302 παρῆταν-
374 4240 398 4288 οι*
419 4237 446 4288 δὲ
471 4237 520 4288 νἰπδ
545 4244 591 4298 τῆς
616 4237 734 4297 Ἑλλάδος
752 4236 794 4289 ἐπὶ
811 4239 934 4302 μεγάλαις
953 4237 1048 4303 δωρεαῖς
1066 4241 1297 4306 μεταπεμφθέντες,

23 4370 34 4384 .
109 4336 133 4384 et
155 4336 209 4400 post
230 4347 315 4398 panea:
334 4330 379 4389 τὴν
398 4327 424 4378 δὲ
437 4328 516 4388 ίίλλνν
534 4325 662 4390 ίγνιῦνιλιον
680 4326 789 4379 παιδείαν
808 4329 926 4390 Ἓλληνες
946 4324 1086 4396 ἐδίδασκον,
1104 4310 1167 4386 unde
1181 4337 1295 4405 suspicari

108 4415 165 4468 lieet
182 4415 269 4466 Mosen
285 4416 310 4465 et
326 4414 457 4466 Romulum
472 4414 570 4482 perinde
586 4414 645 4465 bone
662 4416 751 4465 Graeoe
768 4415 868 4467 advises
