3076 5004
689 272 751 340 111

119 463 212 533 dum.
249 462 372 533 Deinde
393 453 450 548 pro
474 460 604 531 δυ’νωσννι
626 467 839 531 necessarium
862 466 910 529 est
928 459 1104 539 δήνοΝσιιι,
1125 465 1158 527 et
1176 459 1310 529 absurde

120 571 272 641 additum
304 568 415 639 ἐθέλειν
447 571 514 637 sine
541 591 631 637 mora
654 570 886 656 expellendum.
932 568 1005 634 Non
1026 568 1151 635 videret
1175 565 1309 646 sciolus,

121 676 319 765 quamquam
342 677 420 741 satis
442 679 644 761 perspicuum
667 682 734 751 est,
755 679 921 742 coniuncta
943 697 1010 740 esse
1033 676 1067 739 ri
1087 680 1145 741 τῶν
1165 672 1311 753 χερθντων

121 782 273 861 πρθθυμον
306 780 380 861 ῦσθρ
408 791 462 857 τής
488 783 631 860 ποιτριῦος
656 784 865 856 ἀποθνήσκειν.
913 781 1041 847 Dicitur
1064 780 1098 845 τὸ
1122 786 1181 845 τῶν
1205 777 1311 860 χερθν-

121 910 184 952 των
214 885 382 972 πρθθυμον,
406 892 452 975 ,ut
481 889 592 964 τοῦμθν
622 889 679 967 μὲν
711 887 877 971 πρθθυμον,
899 886 934 953 id
958 892 1005 954 est
1029 888 1090 966 ἐγὼ
1113 886 1170 966 μὲν
1194 883 1311 968 spito-

122 994 182 1075 μθς
205 993 279 1072 εἰμι.

170 1191 344 1277 Postquam
369 1189 492 1256 dixerat
514 1209 603 1255 senes
626 1188 667 1255 ed
689 1194 828 1256 mortem
848 1211 905 1275 pro
927 1192 1030 1276 patria
1049 1191 1226 1258 obeundam
1245 1212 1314 1257 essa

123 1302 250 1383 paratos
272 1298 415 1383 increpat
436 1296 594 1380 iuniores,
617 1290 660 1367 οἶς
687 1293 783 1370 ἔξεςιν
806 1298 1000 1378 εὐτυχήσασι
1025 1306 1120 1363 ΜΕΝ
1144 1295 1312 1378 ἀμφθτερον

126 1411 222 1468 σῶσον
246 1401 298 1466 κυνὶ
325 1404 410 1465 νικάν
434 1402 609 1478 ἀσφαλῶς,
634 1403 659 1466 εἰ
684 1401 715 1465 δὲ
739 1403 791 1467 κον)
817 1403 901 1479 μετά
921 1407 974 1468 τοῦ
995 1403 1107 1481 δράσοιθ
1125 1427 1153 1468 τι
1175 1409 1313 1482 χεννκῦον

126 1509 180 1574 sai
205 1510 324 1575 ποθεῖν.
372 1505 514 1575 obscura
536 1510 692 1573 sententia
714 1514 779 1585 est,
804 1530 865 1594 quo
885 1511 966 1575 vitio
987 1509 1161 1596 Dionysius
1178 1511 1313 1575 minime

125 1614 258 1687 laborat.
308 1612 424 1679 Omnia
447 1618 551 1679 essent
574 1613 614 1677 ad
636 1613 885 1701 intelligendum
907 1623 1016 1700 aperta
1040 1618 1067 1679 si
1090 1618 1136 1680 sic
1160 1617 1312 1683 scribere·

126 1728 198 1789 tur:
223 1716 263 1793 οἷς
287 1717 385 1799 ἕξεςιν
404 1721 597 1798 εὐτυχήσασι
617 1727 710 1785 ΜΕΝ
731 1718 899 1801 ἀμφθτεροι
921 1730 1007 1786 0Ωο
1025 1724 1055 1785 τ’
1074 1717 1149 1786 εἷνοιι
1163 1722 1214 1785 κοιὶ
1228 1724 1314 1785 νικάν

125 1829 298 1909 ἀσφαλῶς,
330 1827 355 1890 εἶ
387 1833 445 1891 ΔΘ
475 1835 539 1891 ΜΗ
574 1828 658 1902 μετά
688 1830 742 1891 τοῦ
766 1827 878 1905 δράσοιθ
902 1851 930 1893 τι
955 1837 1093 1906 χεννοιῖον
1117 1828 1168 1892 κυνὶ
1194 1828 1312 1893 ποθεῖν.

125 1933 191 2001 sed
211 1933 417 2000 vehementer
441 1932 587 2018 displicet
611 1934 767 2012 ἀσφαλῶς
790 1936 825 1998 in
848 1940 915 1999 tam
938 1937 1095 2019 praesenti
1118 1933 1258 2019 periculo
1282 1938 1315 2000 et

124 2061 161 2106 re
192 2044 260 2106 tam
293 2040 434 2125 ancipiti.
482 2038 676 2112 Σωθήσεσθοιι
707 2039 760 2105 κοοὶ
789 2043 917 2116 νικήσειν
941 2043 975 2105 in
998 2042 1108 2107 eadem
1132 2061 1166 2107 rc
1189 2060 1314 2125 compo·

125 2152 247 2212 nuntur
268 2166 342 2233 pag.
370 2142 467 2210 1060.

173 2326 252 2414 Peg.
280 2323 377 2392 1057.
410 2323 549 2402 περιέςιιι
573 2333 636 2394 τοῖς
659 2320 751 2394 οῦτωο
775 2326 977 2390 ἀτοθοονοῦσιν
992 2325 1171 2406 -ἀζήλοις
1195 2328 1315 2393 ἀκλιιθ-

125 2455 189 2504 ςοις
222 2431 275 2496 ὑπ’
307 2432 411 2496 οἰωνῶν
442 2455 477 2495 τε
510 2432 561 2496 κον)
596 2429 696 2509 θηρθων
728 2431 1002 2508 διοιΦΟΡΗΘήνοιι.
1048 2432 1238 2498 Rectissime
1271 2436 1317 2499 sic

126 2537 310 2603 emendavit
338 2534 478 2601 Sintenis
504 2537 696 2622 scripturam
717 2535 871 2601 librorum
899 2536 1113 2616 διοφθιιρήνοιι.
1162 2536 1316 2604 Obversa-

124 2645 244 2709 bentur
276 2644 363 2707 enim
386 2640 541 2728 Dionysio
564 2643 661 2708 verba
682 2641 839 2708 Herodoti
862 2642 932 2707 VII.
959 2642 1010 2706 10.
1037 2641 1223 2707 ἀκοῦσεσθοιί
1247 2639 1317 2707 τινά

125 2757 266 2831 φημι-
281 2746 447 2828 Μορδθνιον
461 2785 502 2797 -
518 2747 574 2813 ὑπὸ
599 2755 690 2812 κυνῶν
712 2772 747 2812 τε
768 2748 820 2812 καὶ
842 2750 955 2828 θρνθθων
980 2748 1317 2831 διοιφορεθμενον.

173 2927 254 3016 Peg.
281 2924 379 2992 1058.
402 2924 424 2991 ῶ
448 2924 591 3006 μοοκάριοι
615 2927 672 3005 μὲν
700 2922 742 2999 οἷς
767 2926 805 2992 ἀν
831 2927 994 3006 ἕκχένητονι
1018 2928 1070 2993 τὸν
1093 2929 1127 2992 ἐκ
1151 2926 1239 2993 τοῦδε
1262 2931 1315 2992 τοῦ

128 3034 265 3111 πολέμου
301 3033 449 3113 θρθοιμβον
483 3041 702 3118 sosarmo,
718 3036 909 3105 -εῦκλεεῖς
945 3036 975 3100 δὲ
1011 3035 1062 3099 κον)
1099 3034 1224 3114 ζηλωτοὶ
1261 3040 1316 3108 τής

128 3141 238 3222 ἀρετής
269 3140 295 3203 οἱ
327 3140 368 3204 τά
403 3137 537 3217 σῶμοντοι
560 3139 757 3219 χαριούμενοι
781 3150 819 3215 σή
844 3142 980 3220 πατρίδι.
1028 3141 1222 3208 Meminerat
1242 3140 1318 3206 Dio·

128 3248 240 3334 nysius
263 3266 362 3331 quum
385 3245 462 3310 haec
482 3245 649 3328 scriberet,
669 3245 907 3333 Thrasybulum
929 3247 968 3312 ad
988 3250 1074 3314 cives
1095 3268 1167 3312 suos
1184 3248 1317 3312 dixisse:

131 3349 151 3416 ὦ
186 3351 349 3430 μοικάριοο,
385 3342 411 3415 οἳ
444 3350 482 3414 ἀν
517 3355 599 3426 ήμῶν
632 3353 811 3428 νικήσοντες
846 3352 969 3417 ἐπίδωσι
1004 3353 1058 3427 τήν
1082 3359 1187 3417 νεοσσῶν
1213 3352 1318 3426 ήδθςην

132 3456 263 3538 ήμέροιν·
302 3456 454 3533 εὐδοκίμων
492 3457 522 3522 δὲ
555 3458 607 3522 κυνὶ
640 3456 678 3523 ἀν
707 3481 752 3530 τις
786 3459 932 3540 ἀτοθάνη.
964 3460 1048 3545 opud
1078 3458 1320 3545 Xenophontem

131 3564 250 3629 Hellen.
275 3561 315 3628 ΙΙ.
342 3563 373 3628 4.
401 3561 454 3630 17.

175 3745 254 3832 Peg.
282 3742 378 3810 1059.
403 3754 529 3812 Λοιτῖνοι
554 3746 610 3823 μὲν
634 3747 675 3828 τῶ
700 3746 806 3821 πλήθει
832 3756 887 3821 τής
912 3745 1066 3826 σφετέρης
1090 3743 1187 3812 ἵππου
1217 3747 1321 3815 meed-

132 3874 241 3922 σοντες
255 3888 297 3900 -
310 3851 454 3928 Ῥωμαῖοι
477 3852 509 3916 δὲ
533 3854 574 3932 τῷ
599 3859 755 3932 τολμηρῶς
776 3852 827 3918 nai
848 3851 1079 3932 ἀπερισκέπτως
1100 3852 1149 3917 ἐπὶ
1172 3852 1214 3918 τά
1236 3853 1320 3919 δεινά

131 3960 277 4036 χωροῦντι
309 3955 567 4033 κοντοπλήξεσθοιν
591 3959 661 4030 τοὺς
686 3960 863 4036 πολεμίους.
910 3957 964 4024 Sic
987 3959 1064 4025 haec
1086 3961 1322 4027 reconcinnavit

130 4062 266 4141 Reiske,
291 4084 386 4147 quem
409 4063 521 4129 Editor
543 4068 688 4148 sequitur
695 4085 704 4143 ;
730 4066 785 4130 sed
809 4067 851 4146 τῶ
875 4070 1023 4146 χωροῦντι
1047 4087 1160 4132 sanum
1179 4071 1321 4132 nonest.

132 4168 223 4235 Libri
264 4169 431 4234 exhibent:
475 4170 517 4249 τῷ
556 4172 696 4251 τολμηρῷ
733 4173 786 4235 κιο)
823 4170 1041 4252 ἀτερισκέττῳ
1062 4209 1103 4220 -
1123 4175 1321 4251 χωροῦντΕΟ.

132 4274 243 4360 Itaque
265 4278 422 4360 expuncto
445 4277 486 4356 τῷ
512 4274 732 4341 scribendum:
759 4279 903 4356 Ῥωμαῖοι
927 4276 959 4342 δὲ
984 4282 1142 4357 τολμηρῶς
1167 4277 1220 4342 κοιὶ
1244 4279 1322 4347 ἀσε-

134 4379 300 4461 ρισκέπτως
324 4379 374 4446 ἐπὶ
398 4379 440 4447 τά
466 4380 548 4449 δεινά
572 4384 752 4462 χωροῦντες.
