3076 5004
745 244 788 327 18

126 507 128 512 .
170 445 300 546 statues]
334 455 427 528 ωὐτὸς
458 452 539 540 έςᾷς.
588 451 780 519 Tollendum
802 448 971 517 ¹emblema
1001 445 1208 519 manifestum
1239 443 1292 521 uel
1320 444 1360 518 ob

170 565 358 652 praecedens
392 558 495 636 δείξαις
532 558 602 631 ποὺς
636 557 762 631 οἰωνούς.
823 556 927 637 Quam
959 558 1098 644 pueriles
1132 559 1363 625 homunciones

84 749 89 758 ,
171 676 279 750 erant,
305 672 361 755 qui
383 668 462 734 talia
485 662 715 734 adscriberent!

217 878 296 967 Peg.
323 875 399 943 225.
425 875 566 959 ἒκοοτέρου
591 876 625 941 τὸ
651 875 743 940 πλέον
769 874 853 956 ἔχειν
877 877 1006 956 οὶφοινῶς
1026 874 1214 953 διωκομένου.
1250 876 1362 960 Neque

173 982 352 1062 διωκομένου
376 1004 489 1048 sanum
516 987 564 1049 est
584 1003 641 1069 pro
666 981 817 1054 διώκοντος
841 1002 942 1068 neque
963 982 1047 1068 quod
1065 988 1222 1067 reponunt
1240 983 1363 1048 διοικου-

173 1092 274 1170 μένου.
332 1089 452 1156 Melius
487 1089 713 1174 quaerendum.
774 1087 903 1174 Optime
936 1088 1067 1154 haberet
1101 1088 1271 1164 διώκοντος,
1307 1089 1363 1154 sed

172 1199 293 1262 mirum
317 1215 379 1281 quo
402 1199 494 1280 pecto
518 1194 596 1261 haec
619 1195 760 1261 confusio
786 1198 875 1261 nasci
894 1197 1045 1280 potuerit.

219 1403 299 1492 Peg.
324 1403 400 1471 226.
427 1400 499 1485 ὅπερ
524 1403 655 1481 ἐγένετο.
693 1404 881 1470 Oonstanter
902 1424 1010 1469 omnes
1036 1406 1071 1468 in
1091 1423 1128 1469 ea
1146 1425 1180 1470 re
1200 1404 1362 1470 dicebant:

174 1507 245 1590 dass
276 1520 347 1576 ΚΑΙ
379 1512 520 1588 ἐγένετο,
545 1506 616 1590 ὅπερ
640 1519 712 1575 ΚΑΙ
737 1507 868 1587 συνέβη,
892 1514 929 1573 ut
952 1511 1125 1574 sexcenties
1149 1508 1233 1594 apud
1256 1511 1363 1594 ipsum

174 1617 367 1704 Dionysium
390 1617 512 1704 legitur
535 1616 639 1684 veluti
662 1637 736 1704 pag.
762 1614 846 1693 409,
871 1613 947 1680 960.
970 1621 1002 1681 et
1025 1618 1144 1701 passim
1169 1615 1258 1682 alibi.

218 1826 298 1915 Peg.
325 1824 402 1894 226.
426 1826 520 1899 οιύπός
541 1826 572 1892 δὲ
596 1826 677 1892 Ἀπὸ
701 1825 801 1900 λυ’πης
823 1849 859 1890 πε
878 1825 930 1890 sai
952 1824 1119 1902 μετανοίας
1139 1831 1197 1890 τῶν
1219 1848 1363 1906 πεπρηγ-

172 1931 268 2011 μένων
301 1933 407 2013 παρεὶς
439 1933 547 1999 ἓοιυπὸν
578 1933 620 2002 εἰς
650 1933 825 2010 ἀπόγνωσιν
854 1936 907 1996 τοῦ
931 1931 1001 2009 βίου
1025 1931 1182 2012 πρέπεποιι.
1230 1927 1363 1997 Certum

174 2045 221 2105 est
251 2039 445 2126 Dionysium
469 2041 629 2125 scripsisse
653 2038 730 2103 ’Ὑπὸ
755 2037 872 2116 λύπης,
899 2043 936 2103 ut
963 2059 1058 2123 supra
1081 2039 1233 2103 diximus.
1271 2036 1365 2103 Nihil

98 2153 101 2159 “
174 2145 234 2211 hoc
264 2147 346 2214 vitio
372 2145 568 2229 frequentius
592 2149 624 2209 et·
647 2145 732 2230 apud
755 2143 834 2210 alios
857 2150 889 2210 et
912 2147 947 2208 in
968 2144 1118 2231 Dionysii
1139 2143 1242 2210 libris.
1289 2142 1364 2209 Pas-

176 2254 236 2320 sim
262 2250 449 2317 emendatus
472 2272 557 2318 error
579 2251 632 2316 hic
655 2249 723 2316 illio
746 2252 950 2336 pertinaciter
972 2250 1091 2316 haeret.

219 2356 318 2422 Recte
346 2355 468 2444 legitur
500 2377 574 2444 pag.
607 2354 673 2420 808
718 2355 773 2433 ἔξω
805 2362 858 2422 τοῦ
881 2364 1008 2438 φρονεῖν
1040 2358 1175 2435 γεγονὼς
1206 2356 1283 2421 ’Ὑπὸ
1308 2359 1364 2422 τοῦ

175 2468 289 2538 κοινοῦ,
320 2463 374 2527 sed
397 2462 545 2528 mendose
568 2483 642 2548 pag.
666 2460 741 2527 780.
767 2464 831 2529 οὐδὲ
855 2465 957 2546 φωνην
979 2465 1059 2528 Ἀπὸ
1082 2468 1136 2528 τοῦ
1161 2467 1257 2528 κοινοῦ
1275 2460 1364 2545 ῥηξοιι

175 2568 358 2648 δυνάμενος,
383 2567 468 2653 quod
490 2565 609 2635 Reiske
633 2570 778 2635 correxit.

218 2781 300 2868 Peg.
323 2777 400 2846 227.
425 2777 521 2852 εἴτις
545 2776 666 2863 (λόγος)
691 2778 797 2859 ἑτέρως
822 2781 902 2860 ἔχων
928 2780 1158 2860 ποιροιΔΙδοτοιο.
1205 2782 1367 2868 Perpetuo

176 2889 316 2954 confusio
349 2890 396 2950 est
428 2883 667 2950 1111θτδίδοο1οιι
692 2884 895 2951 ο1δεδόοθοιι.
942 2887 1023 2953 Utra
1045 2890 1088 2953 sit
1110 2909 1186 2954 vera
1209 2891 1367 2974 scriptura

176 3016 216 3061 ex
246 2995 399 3076 cuiusque
428 2991 492 3056 loci
521 3001 634 3057 natura
662 3012 725 3057 non
757 3013 796 3058 ex
818 2993 910 3059 libris
935 2995 1203 3060 constituendum.
1251 2996 1367 3081 Itaque

176 3101 208 3167 h.
221 3099 242 3165 l.
267 3097 487 3180 πυρωδθδοποιι
509 3119 623 3164 verum
648 3104 705 3165 est.
1343 3120 1344 3123 ’

222 3312 303 3399 Peg.
341 3307 418 3375 227.
456 3308 644 3386 συνοιγοιγὼν
675 3309 706 3374 δὲ
737 3311 808 3382 τοὺς
838 3311 991 3383 Λοιοένονς
1021 3309 1082 3378 door
1112 3312 1157 3389 μη
1190 3311 1276 3377 κοντοὶ
1310 3312 1366 3386 την

178 3417 304 3500 μοέχηΝ
330 3412 507 3498 ἕφθοὶρηοοον
524 3414 620 3496 ὀλίγῳ
641 3416 766 3489 πλείους
783 3415 873 3489 ὄντος
893 3417 1071 3500 τρισχιλίων
1091 3419 1125 3482 ἐκ
1146 3416 1228 3485 ποένυ
1249 3423 1367 3484 πολλοῦ

180 3527 252 3591 κοτ’
275 3521 380 3604 ’ἀρχὰς
400 3519 562 3601 γενομένου
581 3522 713 3598 πλήθους
732 3519 783 3588 έπε
804 3525 859 3599 την
878 3526 1024 3591 οὲποικέοιν
1045 3522 1181 3593 έςελλεν.
1216 3525 1369 3590 Primum

179 3632 280 3707 scribo
309 3630 394 3697 sard
425 3630 479 3704 την
511 3621 637 3708 μοὶχηΝ
669 3629 903 3712 ΔΙεφθοὶςηοοον.
961 3632 1092 3696 Periisse
1128 3633 1215 3696 enim
1250 3632 1370 3696 dicitur

181 3745 237 3807 eut
266 3733 436 3802 οὶπολέοθοιι
470 3739 525 3802 aut
557 3733 778 3816 διοιφθοιρηνοιι,
810 3758 873 3803 non
902 3738 1067 3818 φθωρῆνοιι.
1113 3737 1307 3803 Praecedens
1337 3745 1369 3802 N

181 3844 337 3928 absorpsit
360 3851 424 3919 ΔΙ,
450 3845 486 3905 ut
510 3841 640 3927 passim.
686 3841 809 3908 Deinde
832 3843 945 3929 supple
969 3844 1002 3907 εἰι
1027 3841 1111 3909 ποένυ
1135 3846 1253 3908 πολλοῦ
1278 3851 1368 3908 Tor

182 3953 253 4017 κοτ’
282 3948 387 4028 οξρχδις
419 3947 580 4024 γενομένου
612 3947 755 4022 πλήθους.
787 3950 824 4015 cf.
850 3970 922 4038 pag.
949 3947 1026 4014 238.
1051 3951 1114 4015 oiri
1139 3954 1253 4016 πολλοῦ
1278 3958 1369 4015 ΤΟΥ

181 4056 251 4123 νοντ’
275 4054 379 4134 ἀρχὰς
404 4051 615 4125 οὶποςοιλέντος
638 4054 743 4133 ὀλίγος
768 4052 806 4139 ἦνΙ
827 4055 840 4120 ὁ
865 4056 1100 4136 κοοτοιλειφθεές.

227 4267 307 4354 Peg.
332 4260 409 4331 227.
438 4263 644 4343 separata
669 4266 785 4333 vitiosa
809 4262 1041 4333 Graeculorum
1065 4268 1166 4333 forma
1189 4271 1247 4333 est.
1292 4267 1373 4333 “Aa-

181 4376 288 4446 λεοθοιι
319 4370 416 4439 habet
441 4370 942 4453 111111ιιι11ἧλο1μην,ἑέλοιοθοιι,
968 4371 1142 4454 οὶλοέμενος,
1167 4374 1223 4441 sed
1245 4395 1372 4451 sescen-¹
