<?xml version="1.0" encoding="UTF-8"?>
<!DOCTYPE html PUBLIC "-//W3C//DTD XHTML 1.0 Transitional//EN"
    "http://www.w3.org/TR/xhtml1/DTD/xhtml1-transitional.dtd">
<html xmlns="http://www.w3.org/1999/xhtml" xml:lang="en" lang="en">
 <head>
  <title>
</title>
<meta http-equiv="Content-Type" content="text/html;charset=utf-8" />
  <meta name='ocr-system' content='tesseract 3.04.00' />
  <meta name='ocr-capabilities' content='ocr_page ocr_carea ocr_par ocr_line ocrx_word'/>
</head>
<body>
  <div class='ocr_page' id='page_1' title='image "./observationescr00cobegoog_0192.png"; bbox 0 0 3076 5004; ppageno 0'>
   <div class='ocr_carea' id='block_1_1' title="bbox 615 300 798 366">
    <p class='ocr_par' dir='ltr' id='par_1_1' title="bbox 615 300 798 366">
     <span class='ocr_line' id='line_1_1' title="bbox 615 300 798 366; baseline -0.011 0"><span class='ocrx_word' id='word_1_1' title='bbox 615 317 616 320; x_wconf 75' lang='grc'>’</span> <span class='ocrx_word' id='word_1_2' title='bbox 732 300 798 366; x_wconf 83' lang='grc'>164</span> 
     </span>
    </p>
   </div>
   <div class='ocr_carea' id='block_1_2' title="bbox 133 488 1390 1748">
    <p class='ocr_par' dir='ltr' id='par_1_2' title="bbox 133 488 1390 1748">
     <span class='ocr_line' id='line_1_2' title="bbox 170 488 1365 579; baseline -0.003 -20"><span class='ocrx_word' id='word_1_3' title='bbox 170 496 322 568; x_wconf 74' lang='grc' dir='ltr'><strong><em>πολιοῶνς</em></strong></span> <span class='ocrx_word' id='word_1_4' title='bbox 346 490 494 574; x_wconf 79' lang='lat' dir='ltr'>futurum</span> <span class='ocrx_word' id='word_1_5' title='bbox 515 507 599 567; x_wconf 84' lang='lat' dir='ltr'>esse,</span> <span class='ocrx_word' id='word_1_6' title='bbox 623 488 707 556; x_wconf 89' lang='lat' dir='ltr'>unde</span> <span class='ocrx_word' id='word_1_7' title='bbox 729 489 853 577; x_wconf 88' lang='lat' dir='ltr'>liquido</span> <span class='ocrx_word' id='word_1_8' title='bbox 876 489 1064 579; x_wconf 78' lang='lat' dir='ltr'>colligimus</span> <span class='ocrx_word' id='word_1_9' title='bbox 1085 488 1282 577; x_wconf 86' lang='lat' dir='ltr'>Dionysium</span> <span class='ocrx_word' id='word_1_10' title='bbox 1305 489 1365 556; x_wconf 81' lang='lat' dir='ltr'>At-</span> 
     </span>
     <span class='ocr_line' id='line_1_3' title="bbox 170 597 1365 683; baseline -0.002 -19"><span class='ocrx_word' id='word_1_11' title='bbox 170 601 245 664; x_wconf 89' lang='lat' dir='ltr'>ticis</span> <span class='ocrx_word' id='word_1_12' title='bbox 273 597 391 664; x_wconf 87' lang='lat' dir='ltr'>futuris</span> <span class='ocrx_word' id='word_1_13' title='bbox 418 597 588 661; x_wconf 81' lang='lat' dir='ltr'>contractis</span> <span class='ocrx_word' id='word_1_14' title='bbox 618 617 685 663; x_wconf 85' lang='lat' dir='ltr'>esse</span> <span class='ocrx_word' id='word_1_15' title='bbox 715 619 812 663; x_wconf 88' lang='lat' dir='ltr'>usum</span> <span class='ocrx_word' id='word_1_16' title='bbox 837 604 941 675; x_wconf 88' lang='grc' dir='ltr'><strong><em>καλῶ,</em></strong></span> <span class='ocrx_word' id='word_1_17' title='bbox 966 603 1145 683; x_wconf 79' lang='grc' dir='ltr'><strong><em>καλοῦμαι,</em></strong></span> <span class='ocrx_word' id='word_1_18' title='bbox 1170 601 1365 680; x_wconf 90' lang='grc' dir='ltr'><strong><em>παρακαλῶ,</em></strong></span> 
     </span>
     <span class='ocr_line' id='line_1_4' title="bbox 171 703 1367 789; baseline -0.003 -19"><span class='ocrx_word' id='word_1_19' title='bbox 171 709 425 786; x_wconf 82' lang='grc' dir='ltr'><strong><em>προσκαλοῦμαι,</em></strong></span> <span class='ocrx_word' id='word_1_20' title='bbox 457 707 555 777; x_wconf 82' lang='grc' dir='ltr'><strong><em>τελῶ,</em></strong></span> <span class='ocrx_word' id='word_1_21' title='bbox 588 703 737 781; x_wconf 81' lang='grc' dir='ltr'><strong><em>ἐπιπελῶ,</em></strong></span> <span class='ocrx_word' id='word_1_22' title='bbox 763 705 916 789; x_wconf 76' lang='grc' dir='ltr'><strong><em>διατελῶ,</em></strong></span> <span class='ocrx_word' id='word_1_23' title='bbox 941 705 996 769; x_wconf 90' lang='lat' dir='ltr'>sed</span> <span class='ocrx_word' id='word_1_24' title='bbox 1020 725 1073 770; x_wconf 81' lang='lat' dir='ltr'>eos</span> <span class='ocrx_word' id='word_1_25' title='bbox 1095 723 1205 770; x_wconf 90' lang='lat' dir='ltr'>omnes</span> <span class='ocrx_word' id='word_1_26' title='bbox 1227 707 1367 787; x_wconf 80' lang='lat' dir='ltr'>prseter-</span> 
     </span>
     <span class='ocr_line' id='line_1_5' title="bbox 172 808 1367 897; baseline -0.003 -20"><span class='ocrx_word' id='word_1_27' title='bbox 172 832 270 897; x_wconf 81' lang='lat' dir='ltr'>quom</span> <span class='ocrx_word' id='word_1_28' title='bbox 300 812 334 875; x_wconf 92' lang='lat' dir='ltr'>in</span> <span class='ocrx_word' id='word_1_29' title='bbox 363 808 424 874; x_wconf 93' lang='lat' dir='ltr'>hoc</span> <span class='ocrx_word' id='word_1_30' title='bbox 449 809 543 874; x_wconf 89' lang='lat' dir='ltr'>unico</span> <span class='ocrx_word' id='word_1_31' title='bbox 565 808 635 875; x_wconf 90' lang='lat' dir='ltr'>loco</span> <span class='ocrx_word' id='word_1_32' title='bbox 659 831 677 875; x_wconf 82' lang='lat' dir='ltr'>a</span> <span class='ocrx_word' id='word_1_33' title='bbox 699 809 840 878; x_wconf 82' lang='lat' dir='ltr'>librariis</span> <span class='ocrx_word' id='word_1_34' title='bbox 862 832 930 877; x_wconf 88' lang='lat' dir='ltr'>esse</span> <span class='ocrx_word' id='word_1_35' title='bbox 949 811 993 875; x_wconf 51' lang='lat' dir='ltr'>¹ud</span> <span class='ocrx_word' id='word_1_36' title='bbox 1018 831 1111 877; x_wconf 80' lang='lat' dir='ltr'>suam</span> <span class='ocrx_word' id='word_1_37' title='bbox 1135 809 1293 884; x_wconf 73' lang='grc' dir='ltr'><strong><em>συνήθειαν</em></strong></span> <span class='ocrx_word' id='word_1_38' title='bbox 1318 829 1367 874; x_wconf 87' lang='lat' dir='ltr'>re·</span> 
     </span>
     <span class='ocr_line' id='line_1_6' title="bbox 171 913 1369 1003; baseline 0 -23"><span class='ocrx_word' id='word_1_39' title='bbox 171 915 271 984; x_wconf 82' lang='lat' dir='ltr'>fictos.</span> <span class='ocrx_word' id='word_1_40' title='bbox 316 916 410 982; x_wconf 89' lang='lat' dir='ltr'>Nunc</span> <span class='ocrx_word' id='word_1_41' title='bbox 442 913 528 979; x_wconf 86' lang='lat' dir='ltr'>felici</span> <span class='ocrx_word' id='word_1_42' title='bbox 560 935 635 981; x_wconf 83' lang='lat' dir='ltr'>essu</span> <span class='ocrx_word' id='word_1_43' title='bbox 665 919 768 983; x_wconf 79' lang='lat' dir='ltr'>evasit</span> <span class='ocrx_word' id='word_1_44' title='bbox 797 916 898 982; x_wconf 86' lang='lat' dir='ltr'>semel</span> <span class='ocrx_word' id='word_1_45' title='bbox 922 918 1054 1002; x_wconf 81' lang='lat' dir='ltr'>antiquo</span> <span class='ocrx_word' id='word_1_46' title='bbox 1075 917 1180 982; x_wconf 81' lang='lat' dir='ltr'>formo</span> <span class='ocrx_word' id='word_1_47' title='bbox 1203 917 1280 1003; x_wconf 82' lang='lat' dir='ltr'>quis</span> <span class='ocrx_word' id='word_1_48' title='bbox 1303 935 1369 980; x_wconf 92' lang='lat' dir='ltr'>non</span> 
     </span>
     <span class='ocr_line' id='line_1_7' title="bbox 170 1023 1368 1109; baseline -0.002 -21"><span class='ocrx_word' id='word_1_49' title='bbox 170 1023 394 1089; x_wconf 77' lang='lat' dir='ltr'>intellexerant</span> <span class='ocrx_word' id='word_1_50' title='bbox 425 1027 598 1102; x_wconf 78' lang='grc' dir='ltr'><strong><em>παρακαλῶ</em></strong></span> <span class='ocrx_word' id='word_1_51' title='bbox 629 1043 692 1088; x_wconf 89' lang='lat' dir='ltr'>non</span> <span class='ocrx_word' id='word_1_52' title='bbox 720 1026 826 1088; x_wconf 88' lang='lat' dir='ltr'>minus</span> <span class='ocrx_word' id='word_1_53' title='bbox 857 1043 924 1088; x_wconf 89' lang='lat' dir='ltr'>csse</span> <span class='ocrx_word' id='word_1_54' title='bbox 954 1023 1102 1088; x_wconf 87' lang='lat' dir='ltr'>futurum</span> <span class='ocrx_word' id='word_1_55' title='bbox 1133 1043 1231 1109; x_wconf 82' lang='lat' dir='ltr'>quom</span> <span class='ocrx_word' id='word_1_56' title='bbox 1256 1023 1309 1103; x_wconf 88' lang='grc' dir='ltr'>ἐρῶ</span> <span class='ocrx_word' id='word_1_57' title='bbox 1336 1023 1368 1086; x_wconf 90' lang='lat' dir='ltr'>ct</span> 
     </span>
     <span class='ocr_line' id='line_1_8' title="bbox 174 1131 1390 1215; baseline 0 -22"><span class='ocrx_word' id='word_1_58' title='bbox 174 1131 351 1208; x_wconf 76' lang='grc' dir='ltr'><strong><em>ποιήσομαι.</em></strong></span> <span class='ocrx_word' id='word_1_59' title='bbox 1388 1212 1390 1215; x_wconf 12' lang='lat' dir='ltr'>v</span> 
     </span>
     <span class='ocr_line' id='line_1_9' title="bbox 133 1233 1367 1319; baseline -0.002 -18"><span class='ocrx_word' id='word_1_60' title='bbox 133 1317 135 1319; x_wconf 4' lang='lat' dir='ltr'>p</span> <span class='ocrx_word' id='word_1_61' title='bbox 218 1236 256 1301; x_wconf 92' lang='lat' dir='ltr'>In</span> <span class='ocrx_word' id='word_1_62' title='bbox 279 1236 390 1302; x_wconf 87' lang='lat' dir='ltr'>eodem</span> <span class='ocrx_word' id='word_1_63' title='bbox 408 1235 479 1301; x_wconf 91' lang='lat' dir='ltr'>loco</span> <span class='ocrx_word' id='word_1_64' title='bbox 503 1235 624 1300; x_wconf 83' lang='lat' dir='ltr'>editur:</span> <span class='ocrx_word' id='word_1_65' title='bbox 651 1234 704 1316; x_wconf 76' lang='grc' dir='ltr'>ὑφ’</span> <span class='ocrx_word' id='word_1_66' title='bbox 727 1233 765 1302; x_wconf 79' lang='grc' dir='ltr'>ῶν</span> <span class='ocrx_word' id='word_1_67' title='bbox 788 1237 824 1300; x_wconf 84' lang='grc' dir='ltr'>ἐκ</span> <span class='ocrx_word' id='word_1_68' title='bbox 846 1243 902 1311; x_wconf 75' lang='grc' dir='ltr'>πῶς</span> <span class='ocrx_word' id='word_1_69' title='bbox 926 1235 1072 1317; x_wconf 69' lang='grc' dir='ltr'><strong><em>πατρίδος</em></strong></span> <span class='ocrx_word' id='word_1_70' title='bbox 1098 1233 1290 1311; x_wconf 71' lang='grc' dir='ltr'><strong><em>ἐξελήλαται</em></strong></span> <span class='ocrx_word' id='word_1_71' title='bbox 1314 1233 1367 1300; x_wconf 76' lang='grc' dir='ltr'>καὶ</span> 
     </span>
     <span class='ocr_line' id='line_1_10' title="bbox 174 1340 1369 1421; baseline -0.001 -14"><span class='ocrx_word' id='word_1_72' title='bbox 174 1347 280 1409; x_wconf 79' lang='grc' dir='ltr'><strong><em>ταῦτα</em></strong></span> <span class='ocrx_word' id='word_1_73' title='bbox 311 1342 404 1421; x_wconf 72' lang='grc' dir='ltr'><strong><em>μηδὲν</em></strong></span> <span class='ocrx_word' id='word_1_74' title='bbox 437 1341 554 1406; x_wconf 78' lang='grc' dir='ltr'><strong><em>οέδικῶν.</em></strong></span> <span class='ocrx_word' id='word_1_75' title='bbox 603 1340 641 1405; x_wconf 92' lang='lat' dir='ltr'>In</span> <span class='ocrx_word' id='word_1_76' title='bbox 670 1341 762 1407; x_wconf 88' lang='lat' dir='ltr'>libris</span> <span class='ocrx_word' id='word_1_77' title='bbox 793 1347 841 1408; x_wconf 87' lang='lat' dir='ltr'>est</span> <span class='ocrx_word' id='word_1_78' title='bbox 874 1343 926 1408; x_wconf 79' lang='grc' dir='ltr'><strong><em>καὶ</em></strong></span> <span class='ocrx_word' id='word_1_79' title='bbox 951 1343 1045 1421; x_wconf 76' lang='grc' dir='ltr'><strong><em>μηδὲν</em></strong></span> <span class='ocrx_word' id='word_1_80' title='bbox 1068 1343 1178 1408; x_wconf 72' lang='grc' dir='ltr'><strong><em>ἀδικῶν</em></strong></span> <span class='ocrx_word' id='word_1_81' title='bbox 1203 1348 1236 1409; x_wconf 84' lang='lat' dir='ltr'>et</span> <span class='ocrx_word' id='word_1_82' title='bbox 1260 1347 1369 1408; x_wconf 80' lang='grc' dir='ltr'><strong><em>ταῦτα</em></strong></span> 
     </span>
     <span class='ocr_line' id='line_1_11' title="bbox 175 1433 1369 1538; baseline 0 -24"><span class='ocrx_word' id='word_1_83' title='bbox 175 1448 293 1514; x_wconf 79' lang='lat' dir='ltr'>Reislre</span> <span class='ocrx_word' id='word_1_84' title='bbox 316 1433 440 1514; x_wconf 81' lang='lat' dir='ltr'>addidit</span> <span class='ocrx_word' id='word_1_85' title='bbox 463 1448 502 1514; x_wconf 90' lang='lat' dir='ltr'>de</span> <span class='ocrx_word' id='word_1_86' title='bbox 525 1467 591 1512; x_wconf 92' lang='lat' dir='ltr'>suc.</span> <span class='ocrx_word' id='word_1_87' title='bbox 627 1447 817 1533; x_wconf 81' lang='lat' dir='ltr'>Perpersm3</span> <span class='ocrx_word' id='word_1_88' title='bbox 844 1449 978 1515; x_wconf 77' lang='lat' dir='ltr'>debebat</span> <span class='ocrx_word' id='word_1_89' title='bbox 997 1452 1084 1515; x_wconf 90' lang='lat' dir='ltr'>enim</span> <span class='ocrx_word' id='word_1_90' title='bbox 1104 1449 1159 1515; x_wconf 81' lang='grc' dir='ltr'><strong><em>καί</em></strong></span> <span class='ocrx_word' id='word_1_91' title='bbox 1175 1469 1369 1538; x_wconf 82' lang='lat' dir='ltr'>expungere.</span> 
     </span>
     <span class='ocr_line' id='line_1_12' title="bbox 174 1552 1369 1642; baseline 0 -22"><span class='ocrx_word' id='word_1_92' title='bbox 174 1555 247 1621; x_wconf 89' lang='lat' dir='ltr'>Non</span> <span class='ocrx_word' id='word_1_93' title='bbox 270 1557 355 1619; x_wconf 88' lang='lat' dir='ltr'>enim</span> <span class='ocrx_word' id='word_1_94' title='bbox 375 1555 542 1640; x_wconf 82' lang='lat' dir='ltr'>exprobrat</span> <span class='ocrx_word' id='word_1_95' title='bbox 560 1552 713 1619; x_wconf 81' lang='lat' dir='ltr'>Romanis</span> <span class='ocrx_word' id='word_1_96' title='bbox 734 1554 817 1640; x_wconf 90' lang='lat' dir='ltr'>quod</span> <span class='ocrx_word' id='word_1_97' title='bbox 839 1552 944 1619; x_wconf 85' lang='lat' dir='ltr'>filium</span> <span class='ocrx_word' id='word_1_98' title='bbox 965 1558 1068 1640; x_wconf 81' lang='lat' dir='ltr'>patria</span> <span class='ocrx_word' id='word_1_99' title='bbox 1086 1555 1282 1641; x_wconf 81' lang='lat' dir='ltr'>expulissent</span> <span class='ocrx_word' id='word_1_100' title='bbox 1301 1558 1369 1642; x_wconf 91' lang='lat' dir='ltr'>(po-</span> 
     </span>
     <span class='ocr_line' id='line_1_13' title="bbox 175 1657 1285 1748; baseline 0.001 -22"><span class='ocrx_word' id='word_1_101' title='bbox 175 1666 257 1733; x_wconf 80' lang='lat' dir='ltr'>teret</span> <span class='ocrx_word' id='word_1_102' title='bbox 280 1663 367 1727; x_wconf 89' lang='lat' dir='ltr'>enim</span> <span class='ocrx_word' id='word_1_103' title='bbox 389 1662 506 1726; x_wconf 86' lang='lat' dir='ltr'>meritc</span> <span class='ocrx_word' id='word_1_104' title='bbox 529 1659 659 1748; x_wconf 82' lang='lat' dir='ltr'>plecti),</span> <span class='ocrx_word' id='word_1_105' title='bbox 685 1660 740 1726; x_wconf 89' lang='lat' dir='ltr'>sed</span> <span class='ocrx_word' id='word_1_106' title='bbox 764 1657 810 1726; x_wconf 77' lang='grc' dir='ltr'>ἐπι</span> <span class='ocrx_word' id='word_1_107' title='bbox 834 1661 928 1739; x_wconf 69' lang='grc' dir='ltr'><strong><em>μηδὲν</em></strong></span> <span class='ocrx_word' id='word_1_108' title='bbox 951 1661 1061 1727; x_wconf 71' lang='grc' dir='ltr'><strong><em>ἀδικῶν</em></strong></span> <span class='ocrx_word' id='word_1_109' title='bbox 1083 1662 1285 1739; x_wconf 70' lang='grc' dir='ltr'><strong><em>ἐξελήλαται.</em></strong></span> 
     </span>
    </p>
   </div>
   <div class='ocr_carea' id='block_1_3' title="bbox 99 1900 1375 2943">
    <p class='ocr_par' dir='ltr' id='par_1_3' title="bbox 99 1900 1375 2714">
     <span class='ocr_line' id='line_1_14' title="bbox 220 1900 1371 1992; baseline 0 -24"><span class='ocrx_word' id='word_1_110' title='bbox 220 1904 298 1992; x_wconf 79' lang='lat' dir='ltr'><strong>Pag.</strong></span> <span class='ocrx_word' id='word_1_111' title='bbox 327 1900 427 1968; x_wconf 84' lang='grc'><strong>1005.</strong></span> <span class='ocrx_word' id='word_1_112' title='bbox 455 1900 626 1987; x_wconf 75' lang='lat' dir='ltr'>(Consules)</span> <span class='ocrx_word' id='word_1_113' title='bbox 652 1901 719 1982; x_wconf 76' lang='grc' dir='ltr'><strong><em>περὶ</em></strong></span> <span class='ocrx_word' id='word_1_114' title='bbox 742 1909 799 1976; x_wconf 74' lang='grc' dir='ltr'>πῶς</span> <span class='ocrx_word' id='word_1_115' title='bbox 822 1901 923 1980; x_wconf 75' lang='grc' dir='ltr'><strong><em>ἐξόδου</em></strong></span> <span class='ocrx_word' id='word_1_116' title='bbox 943 1908 1002 1969; x_wconf 81' lang='grc' dir='ltr'>πῶν</span> <span class='ocrx_word' id='word_1_117' title='bbox 1021 1905 1175 1980; x_wconf 77' lang='grc' dir='ltr'><strong><em>γυναικῶν</em></strong></span> <span class='ocrx_word' id='word_1_118' title='bbox 1194 1904 1218 1968; x_wconf 78' lang='grc' dir='ltr'>εἰ</span> <span class='ocrx_word' id='word_1_119' title='bbox 1238 1926 1371 1984; x_wconf 75' lang='grc' dir='ltr'><em>συγχω-</em></span> 
     </span>
     <span class='ocr_line' id='line_1_15' title="bbox 176 2007 1372 2092; baseline 0.003 -18"><span class='ocrx_word' id='word_1_120' title='bbox 176 2010 278 2092; x_wconf 79' lang='grc' dir='ltr'><strong><em>ριρπέον</em></strong></span> <span class='ocrx_word' id='word_1_121' title='bbox 312 2010 426 2081; x_wconf 79' lang='grc' dir='ltr'><strong><em>αὐτοῖς</em></strong></span> <span class='ocrx_word' id='word_1_122' title='bbox 461 2009 618 2086; x_wconf 75' lang='grc' dir='ltr'>γνωμηδὸν</span> <span class='ocrx_word' id='word_1_123' title='bbox 653 2007 864 2076; x_wconf 74' lang='grc' dir='ltr'><strong><em>ἐπυνθάνοντο.</em></strong></span> <span class='ocrx_word' id='word_1_124' title='bbox 920 2009 1105 2076; x_wconf 77' lang='lat' dir='ltr'>Monstrum</span> <span class='ocrx_word' id='word_1_125' title='bbox 1137 2009 1291 2078; x_wconf 77' lang='lat' dir='ltr'>vocabuli</span> <span class='ocrx_word' id='word_1_126' title='bbox 1323 2016 1372 2077; x_wconf 86' lang='lat' dir='ltr'>ost</span> 
     </span>
     <span class='ocr_line' id='line_1_16' title="bbox 177 2114 1373 2203; baseline 0.002 -23"><span class='ocrx_word' id='word_1_127' title='bbox 177 2114 335 2195; x_wconf 75' lang='grc' dir='ltr'><strong><em>γνορινῶὸν</em></strong></span> <span class='ocrx_word' id='word_1_128' title='bbox 359 2117 393 2179; x_wconf 74' lang='grc' dir='ltr'><strong><em>να</em></strong></span> <span class='ocrx_word' id='word_1_129' title='bbox 415 2116 578 2180; x_wconf 75' lang='lat' dir='ltr'>sententiae</span> <span class='ocrx_word' id='word_1_130' title='bbox 600 2117 731 2193; x_wconf 75' lang='grc' dir='ltr'><strong><em>ναοιέιονο,</em></strong></span> <span class='ocrx_word' id='word_1_131' title='bbox 757 2117 841 2203; x_wconf 91' lang='lat' dir='ltr'>quod</span> <span class='ocrx_word' id='word_1_132' title='bbox 864 2116 958 2203; x_wconf 83' lang='lat' dir='ltr'>plone</span> <span class='ocrx_word' id='word_1_133' title='bbox 981 2137 1075 2182; x_wconf 88' lang='lat' dir='ltr'>sensu</span> <span class='ocrx_word' id='word_1_134' title='bbox 1098 2121 1191 2183; x_wconf 81' lang='lat' dir='ltr'>curet.</span> <span class='ocrx_word' id='word_1_135' title='bbox 1241 2116 1373 2182; x_wconf 75' lang='lat' dir='ltr'>Testem</span> 
     </span>
     <span class='ocr_line' id='line_1_17' title="bbox 176 2221 1372 2308; baseline 0 -20"><span class='ocrx_word' id='word_1_136' title='bbox 176 2223 274 2288; x_wconf 81' lang='lat' dir='ltr'>habet</span> <span class='ocrx_word' id='word_1_137' title='bbox 305 2222 516 2288; x_wconf 82' lang='lat' dir='ltr'>Eustathium</span> <span class='ocrx_word' id='word_1_138' title='bbox 547 2222 587 2287; x_wconf 81' lang='lat' dir='ltr'>sd</span> <span class='ocrx_word' id='word_1_139' title='bbox 618 2221 709 2287; x_wconf 78' lang='lat' dir='ltr'>Iliad.</span> <span class='ocrx_word' id='word_1_140' title='bbox 742 2230 783 2288; x_wconf 90' lang='lat' dir='ltr'>N.</span> <span class='ocrx_word' id='word_1_141' title='bbox 817 2222 893 2288; x_wconf 85' lang='lat'>204.</span> <span class='ocrx_word' id='word_1_142' title='bbox 919 2229 1160 2308; x_wconf 81' lang='lat' dir='ltr'>componentem</span> <span class='ocrx_word' id='word_1_143' title='bbox 1184 2222 1372 2308; x_wconf 75' lang='grc' dir='ltr'><strong><em>οφαιριρῶόν,</em></strong></span> 
     </span>
     <span class='ocr_line' id='line_1_18' title="bbox 180 2325 1375 2415; baseline 0.003 -23"><span class='ocrx_word' id='word_1_144' title='bbox 180 2328 332 2407; x_wconf 54' lang='lat' dir='ltr'>tepente</span> <span class='ocrx_word' id='word_1_145' title='bbox 366 2335 398 2394; x_wconf 90' lang='lat' dir='ltr'>et</span> <span class='ocrx_word' id='word_1_146' title='bbox 433 2327 561 2405; x_wconf 78' lang='grc' dir='ltr'><strong><em>λακιρδόν</em></strong></span> <span class='ocrx_word' id='word_1_147' title='bbox 596 2334 629 2394; x_wconf 90' lang='lat' dir='ltr'>et</span> <span class='ocrx_word' id='word_1_148' title='bbox 657 2327 742 2394; x_wconf 90' lang='lat' dir='ltr'>hunc</span> <span class='ocrx_word' id='word_1_149' title='bbox 773 2332 880 2415; x_wconf 89' lang='lat' dir='ltr'>ipsum</span> <span class='ocrx_word' id='word_1_150' title='bbox 915 2330 1024 2396; x_wconf 91' lang='lat' dir='ltr'>locum</span> <span class='ocrx_word' id='word_1_151' title='bbox 1060 2325 1269 2396; x_wconf 54' lang='lat' dir='ltr'>afferentem(</span> <span class='ocrx_word' id='word_1_152' title='bbox 1299 2329 1375 2395; x_wconf 92' lang='lat' dir='ltr'>Non</span> 
     </span>
     <span class='ocr_line' id='line_1_19' title="bbox 178 2434 1375 2522; baseline 0 -22"><span class='ocrx_word' id='word_1_153' title='bbox 178 2436 316 2501; x_wconf 83' lang='lat' dir='ltr'>habebat</span> <span class='ocrx_word' id='word_1_154' title='bbox 346 2435 449 2521; x_wconf 79' lang='lat' dir='ltr'>igitur</span> <span class='ocrx_word' id='word_1_155' title='bbox 477 2435 577 2500; x_wconf 91' lang='lat' dir='ltr'>libros</span> <span class='ocrx_word' id='word_1_156' title='bbox 599 2434 748 2503; x_wconf 87' lang='lat' dir='ltr'>meliores</span> <span class='ocrx_word' id='word_1_157' title='bbox 771 2456 867 2521; x_wconf 83' lang='lat' dir='ltr'>quam</span> <span class='ocrx_word' id='word_1_158' title='bbox 890 2437 991 2501; x_wconf 88' lang='lat' dir='ltr'>nostri</span> <span class='ocrx_word' id='word_1_159' title='bbox 1014 2441 1089 2500; x_wconf 89' lang='lat' dir='ltr'>sunt</span> <span class='ocrx_word' id='word_1_160' title='bbox 1111 2443 1144 2501; x_wconf 89' lang='lat' dir='ltr'>et</span> <span class='ocrx_word' id='word_1_161' title='bbox 1167 2437 1247 2502; x_wconf 88' lang='lat' dir='ltr'>solet</span> <span class='ocrx_word' id='word_1_162' title='bbox 1267 2437 1375 2522; x_wconf 87' lang='lat' dir='ltr'>perin-</span> 
     </span>
     <span class='ocr_line' id='line_1_20' title="bbox 99 2539 1373 2628; baseline 0.001 -21"><span class='ocrx_word' id='word_1_163' title='bbox 99 2620 100 2624; x_wconf 65' lang='lat'>,</span> <span class='ocrx_word' id='word_1_164' title='bbox 179 2547 251 2627; x_wconf 90' lang='lat' dir='ltr'>epte</span> <span class='ocrx_word' id='word_1_165' title='bbox 282 2542 407 2607; x_wconf 82' lang='lat' dir='ltr'>vitiosis</span> <span class='ocrx_word' id='word_1_166' title='bbox 435 2539 627 2607; x_wconf 87' lang='lat' dir='ltr'>lectionibus</span> <span class='ocrx_word' id='word_1_167' title='bbox 658 2542 771 2628; x_wconf 86' lang='lat' dir='ltr'>decipi.</span> <span class='ocrx_word' id='word_1_168' title='bbox 819 2540 940 2608; x_wconf 88' lang='lat' dir='ltr'>Verum</span> <span class='ocrx_word' id='word_1_169' title='bbox 972 2562 1040 2607; x_wconf 88' lang='lat' dir='ltr'>esse</span> <span class='ocrx_word' id='word_1_170' title='bbox 1063 2543 1200 2610; x_wconf 80' lang='lat' dir='ltr'>arbitror</span> <span class='ocrx_word' id='word_1_171' title='bbox 1221 2544 1373 2622; x_wconf 73' lang='grc' dir='ltr'><strong><em>νιῶμλο</em></strong></span> 
     </span>
     <span class='ocr_line' id='line_1_21' title="bbox 177 2646 433 2714; baseline -0.008 0"><span class='ocrx_word' id='word_1_172' title='bbox 177 2646 433 2714; x_wconf 75' lang='grc' dir='ltr'><strong><em>ΔΙεπονθοένοντο.</em></strong></span> 
     </span>
    </p>

    <p class='ocr_par' dir='ltr' id='par_1_4' title="bbox 177 2750 1367 2943">
     <span class='ocr_line' id='line_1_22' title="bbox 218 2750 1367 2846; baseline 0.002 -26"><span class='ocrx_word' id='word_1_173' title='bbox 218 2753 341 2820; x_wconf 87' lang='lat' dir='ltr'>Deinde</span> <span class='ocrx_word' id='word_1_174' title='bbox 371 2759 529 2839; x_wconf 77' lang='lat' dir='ltr'>expuncta</span> <span class='ocrx_word' id='word_1_175' title='bbox 559 2753 673 2840; x_wconf 79' lang='lat' dir='ltr'>copula</span> <span class='ocrx_word' id='word_1_176' title='bbox 702 2754 792 2843; x_wconf 81' lang='lat' dir='ltr'>lege:</span> <span class='ocrx_word' id='word_1_177' title='bbox 826 2753 934 2819; x_wconf 76' lang='grc' dir='ltr'><strong><em>πολλοὶ</em></strong></span> <span class='ocrx_word' id='word_1_178' title='bbox 958 2754 1015 2833; x_wconf 84' lang='grc' dir='ltr'>ριέν</span> <span class='ocrx_word' id='word_1_179' title='bbox 1037 2750 1086 2821; x_wconf 77' lang='grc' dir='ltr'>οὖν</span> <span class='ocrx_word' id='word_1_180' title='bbox 1109 2755 1253 2833; x_wconf 76' lang='grc' dir='ltr'>ἐλέγοντο</span> <span class='ocrx_word' id='word_1_181' title='bbox 1278 2756 1367 2846; x_wconf 72' lang='grc' dir='ltr'><strong><em>[καὶ]</em></strong></span> 
     </span>
     <span class='ocr_line' id='line_1_23' title="bbox 177 2856 569 2943; baseline -0.01 -16"><span class='ocrx_word' id='word_1_182' title='bbox 177 2861 263 2943; x_wconf 75' lang='grc' dir='ltr'><strong><em>παρὰ</em></strong></span> <span class='ocrx_word' id='word_1_183' title='bbox 287 2865 407 2926; x_wconf 91' lang='grc' dir='ltr'><strong><em>πολλῶν</em></strong></span> <span class='ocrx_word' id='word_1_184' title='bbox 429 2856 533 2938; x_wconf 75' lang='grc' dir='ltr'><strong><em>λόγοι.</em></strong></span> <span class='ocrx_word' id='word_1_185' title='bbox 558 2874 569 2892; x_wconf 91' lang='grc'><em>·</em></span> 
     </span>
    </p>
   </div>
   <div class='ocr_carea' id='block_1_4' title="bbox 176 3114 1372 3521">
    <p class='ocr_par' dir='ltr' id='par_1_5' title="bbox 176 3114 1372 3521">
     <span class='ocr_line' id='line_1_24' title="bbox 221 3114 1371 3209; baseline 0.001 -22"><span class='ocrx_word' id='word_1_186' title='bbox 221 3121 301 3209; x_wconf 81' lang='lat' dir='ltr'>Psg.</span> <span class='ocrx_word' id='word_1_187' title='bbox 327 3116 427 3185; x_wconf 88' lang='lat'><strong>1606.</strong></span> <span class='ocrx_word' id='word_1_188' title='bbox 451 3114 545 3198; x_wconf 72' lang='grc' dir='ltr'><strong><em>ἄνδρα</em></strong></span> <span class='ocrx_word' id='word_1_189' title='bbox 559 3154 600 3166; x_wconf 91' lang='grc'>-</span> <span class='ocrx_word' id='word_1_190' title='bbox 614 3116 718 3189; x_wconf 72' lang='grc' dir='ltr'><strong><em>πάσας</em></strong></span> <span class='ocrx_word' id='word_1_191' title='bbox 742 3117 848 3183; x_wconf 67' lang='lat' dir='ltr'>dileco</span> <span class='ocrx_word' id='word_1_192' title='bbox 866 3119 918 3183; x_wconf 76' lang='grc' dir='ltr'><strong><em>καὶ</em></strong></span> <span class='ocrx_word' id='word_1_193' title='bbox 939 3120 1060 3185; x_wconf 78' lang='grc' dir='ltr'><strong><em>ῶνοοίοιι</em></strong></span> <span class='ocrx_word' id='word_1_194' title='bbox 1079 3118 1218 3198; x_wconf 70' lang='grc' dir='ltr'><strong><em>πράξεως</em></strong></span> <span class='ocrx_word' id='word_1_195' title='bbox 1238 3123 1371 3203; x_wconf 75' lang='grc' dir='ltr'><strong><em>καθαρὸν</em></strong></span> 
     </span>
     <span class='ocr_line' id='line_1_25' title="bbox 176 3223 1371 3315; baseline 0.003 -24"><span class='ocrx_word' id='word_1_196' title='bbox 176 3227 229 3291; x_wconf 72' lang='grc' dir='ltr'>καὶ</span> <span class='ocrx_word' id='word_1_197' title='bbox 262 3225 413 3300; x_wconf 69' lang='grc' dir='ltr'><strong><em>ἀμίαντον</em></strong></span> <span class='ocrx_word' id='word_1_198' title='bbox 444 3223 646 3289; x_wconf 73' lang='grc' dir='ltr'><strong><em>ἘΟΧΗκέτα</em></strong></span> <span class='ocrx_word' id='word_1_199' title='bbox 677 3223 756 3301; x_wconf 79' lang='grc' dir='ltr'><strong><em>βίον.</em></strong></span> <span class='ocrx_word' id='word_1_200' title='bbox 803 3224 952 3310; x_wconf 81' lang='lat' dir='ltr'>Suspicor</span> <span class='ocrx_word' id='word_1_201' title='bbox 984 3227 1178 3315; x_wconf 87' lang='lat' dir='ltr'>Dionysium</span> <span class='ocrx_word' id='word_1_202' title='bbox 1207 3230 1371 3315; x_wconf 76' lang='lat' dir='ltr'>scripsisse</span> 
     </span>
     <span class='ocr_line' id='line_1_26' title="bbox 177 3329 1372 3418; baseline 0.002 -21"><span class='ocrx_word' id='word_1_203' title='bbox 177 3332 317 3408; x_wconf 78' lang='grc' dir='ltr'><strong><em>ἐΖακόπα</em></strong></span> <span class='ocrx_word' id='word_1_204' title='bbox 340 3332 424 3410; x_wconf 80' lang='grc' dir='ltr'><strong><em>βίον,</em></strong></span> <span class='ocrx_word' id='word_1_205' title='bbox 448 3335 486 3396; x_wconf 90' lang='lat' dir='ltr'>ut</span> <span class='ocrx_word' id='word_1_206' title='bbox 509 3329 612 3395; x_wconf 90' lang='lat' dir='ltr'>solent</span> <span class='ocrx_word' id='word_1_207' title='bbox 634 3333 793 3417; x_wconf 85' lang='lat' dir='ltr'>sequiores</span> <span class='ocrx_word' id='word_1_208' title='bbox 817 3329 912 3411; x_wconf 81' lang='grc' dir='ltr'><strong><em>ἐζνκα</em></strong></span> <span class='ocrx_word' id='word_1_209' title='bbox 938 3353 996 3418; x_wconf 94' lang='lat' dir='ltr'>pro</span> <span class='ocrx_word' id='word_1_210' title='bbox 1027 3333 1171 3413; x_wconf 75' lang='grc' dir='ltr'><strong><em>βεβίωκα</em></strong></span> <span class='ocrx_word' id='word_1_211' title='bbox 1202 3333 1306 3400; x_wconf 86' lang='lat' dir='ltr'>dicere</span> <span class='ocrx_word' id='word_1_212' title='bbox 1338 3339 1372 3403; x_wconf 83' lang='lat' dir='ltr'>st</span> 
     </span>
     <span class='ocr_line' id='line_1_27' title="bbox 177 3436 776 3521; baseline -0.005 -17"><span class='ocrx_word' id='word_1_213' title='bbox 177 3439 229 3521; x_wconf 77' lang='grc' dir='ltr'>ζῶν</span> <span class='ocrx_word' id='word_1_214' title='bbox 252 3438 320 3517; x_wconf 80' lang='grc' dir='ltr'><strong><em>βίον</em></strong></span> <span class='ocrx_word' id='word_1_215' title='bbox 343 3440 377 3502; x_wconf 90' lang='lat' dir='ltr'>in</span> <span class='ocrx_word' id='word_1_216' title='bbox 400 3436 460 3502; x_wconf 82' lang='lat' dir='ltr'>teli</span> <span class='ocrx_word' id='word_1_217' title='bbox 481 3456 514 3501; x_wconf 89' lang='lat' dir='ltr'>re</span> <span class='ocrx_word' id='word_1_218' title='bbox 537 3437 696 3501; x_wconf 71' lang='lat' dir='ltr'>usitatum</span> <span class='ocrx_word' id='word_1_219' title='bbox 719 3441 776 3502; x_wconf 87' lang='lat' dir='ltr'>est.</span> 
     </span>
    </p>
   </div>
   <div class='ocr_carea' id='block_1_5' title="bbox 177 3672 1369 4079">
    <p class='ocr_par' dir='ltr' id='par_1_6' title="bbox 177 3672 1369 4079">
     <span class='ocr_line' id='line_1_28' title="bbox 223 3672 1369 3770; baseline 0.003 -27"><span class='ocrx_word' id='word_1_220' title='bbox 223 3681 303 3770; x_wconf 79' lang='lat' dir='ltr'>ch.</span> <span class='ocrx_word' id='word_1_221' title='bbox 332 3676 430 3744; x_wconf 83' lang='lat'>1607.</span> <span class='ocrx_word' id='word_1_222' title='bbox 463 3672 557 3755; x_wconf 77' lang='grc' dir='ltr'><strong><em>ζεύγη</em></strong></span> <span class='ocrx_word' id='word_1_223' title='bbox 582 3701 618 3742; x_wconf 84' lang='grc' dir='ltr'>τε</span> <span class='ocrx_word' id='word_1_224' title='bbox 643 3676 726 3758; x_wconf 79' lang='grc' dir='ltr'><strong><em>ἐρικέο</em></strong></span> <span class='ocrx_word' id='word_1_225' title='bbox 752 3679 804 3743; x_wconf 75' lang='grc' dir='ltr'><strong><em>καὶ</em></strong></span> <span class='ocrx_word' id='word_1_226' title='bbox 829 3677 959 3757; x_wconf 78' lang='grc' dir='ltr'><strong><em>οὶριοέξας</em></strong></span> <span class='ocrx_word' id='word_1_227' title='bbox 985 3680 1037 3744; x_wconf 77' lang='grc' dir='ltr'><strong><em>καὶ</em></strong></span> <span class='ocrx_word' id='word_1_228' title='bbox 1063 3674 1172 3745; x_wconf 76' lang='grc' dir='ltr'><strong><em>ποῖλλα</em></strong></span> <span class='ocrx_word' id='word_1_229' title='bbox 1197 3687 1307 3759; x_wconf 80' lang='grc' dir='ltr'><strong><em>Φορεῖα</em></strong></span> <span class='ocrx_word' id='word_1_230' title='bbox 1331 3682 1369 3752; x_wconf 81' lang='grc' dir='ltr'>ῶς</span> 
     </span>
     <span class='ocr_line' id='line_1_29' title="bbox 177 3781 1368 3872; baseline -0.002 -17"><span class='ocrx_word' id='word_1_231' title='bbox 177 3796 294 3855; x_wconf 79' lang='grc' dir='ltr'><strong><em>πλεῑςα</em></strong></span> <span class='ocrx_word' id='word_1_232' title='bbox 330 3781 651 3865; x_wconf 68' lang='grc' dir='ltr'><strong><em>παρασκευασάμενοι.</em></strong></span> <span class='ocrx_word' id='word_1_233' title='bbox 700 3783 784 3850; x_wconf 88' lang='lat' dir='ltr'>Mire</span> <span class='ocrx_word' id='word_1_234' title='bbox 819 3785 937 3850; x_wconf 86' lang='lat' dir='ltr'>dicitur</span> <span class='ocrx_word' id='word_1_235' title='bbox 971 3793 999 3850; x_wconf 84' lang='lat' dir='ltr'>et</span> <span class='ocrx_word' id='word_1_236' title='bbox 1033 3788 1167 3872; x_wconf 79' lang='lat' dir='ltr'>reliquae</span> <span class='ocrx_word' id='word_1_237' title='bbox 1201 3803 1368 3853; x_wconf 73' lang='lat' dir='ltr'>Lsomoss.</span> 
     </span>
     <span class='ocr_line' id='line_1_30' title="bbox 177 3892 1368 3984; baseline -0.004 -21"><span class='ocrx_word' id='word_1_238' title='bbox 177 3893 365 3984; x_wconf 77' lang='lat' dir='ltr'>Lugendum</span> <span class='ocrx_word' id='word_1_239' title='bbox 396 3898 508 3971; x_wconf 85' lang='grc' dir='ltr'><strong><em>Πορεῖα</em></strong></span> <span class='ocrx_word' id='word_1_240' title='bbox 537 3898 565 3955; x_wconf 83' lang='lat' dir='ltr'>et</span> <span class='ocrx_word' id='word_1_241' title='bbox 595 3892 714 3977; x_wconf 79' lang='grc' dir='ltr'><strong><em>νοῶραο</em></strong></span> <span class='ocrx_word' id='word_1_242' title='bbox 736 3908 911 3956; x_wconf 66' lang='lat' dir='ltr'>ismenus.</span> <span class='ocrx_word' id='word_1_243' title='bbox 959 3892 1096 3958; x_wconf 86' lang='lat' dir='ltr'>Photius</span> <span class='ocrx_word' id='word_1_244' title='bbox 1126 3900 1294 3973; x_wconf 75' lang='grc' dir='ltr'><strong><em>Πορεῒαε</em></strong></span> <span class='ocrx_word' id='word_1_245' title='bbox 1326 3893 1368 3958; x_wconf 76' lang='grc' dir='ltr'>τοὶ</span> 
     </span>
     <span class='ocr_line' id='line_1_31' title="bbox 177 3996 765 4079; baseline -0.007 -12"><span class='ocrx_word' id='word_1_246' title='bbox 177 4005 221 4076; x_wconf 78' lang='grc' dir='ltr'>εἰς</span> <span class='ocrx_word' id='word_1_247' title='bbox 246 3998 367 4079; x_wconf 84' lang='grc' dir='ltr'><strong><em>πορείαν</em></strong></span> <span class='ocrx_word' id='word_1_248' title='bbox 390 3996 535 4077; x_wconf 76' lang='grc' dir='ltr'><strong><em>χρήσιμα</em></strong></span> <span class='ocrx_word' id='word_1_249' title='bbox 559 4017 597 4062; x_wconf 87' lang='lat' dir='ltr'>ex</span> <span class='ocrx_word' id='word_1_250' title='bbox 620 3997 765 4064; x_wconf 81' lang='lat' dir='ltr'>Platone.</span> 
     </span>
    </p>
   </div>
   <div class='ocr_carea' id='block_1_6' title="bbox 179 4218 1365 4517">
    <p class='ocr_par' dir='ltr' id='par_1_7' title="bbox 179 4218 1365 4517">
     <span class='ocr_line' id='line_1_32' title="bbox 224 4218 1364 4313; baseline -0.002 -22"><span class='ocrx_word' id='word_1_251' title='bbox 224 4227 305 4313; x_wconf 80' lang='lat' dir='ltr'>Pog.</span> <span class='ocrx_word' id='word_1_252' title='bbox 338 4220 435 4288; x_wconf 82' lang='lat'>1612.</span> <span class='ocrx_word' id='word_1_253' title='bbox 469 4221 523 4287; x_wconf 80' lang='grc' dir='ltr'>ἐέιν</span> <span class='ocrx_word' id='word_1_254' title='bbox 554 4225 570 4298; x_wconf 75' lang='grc' dir='ltr'>οἱ</span> <span class='ocrx_word' id='word_1_255' title='bbox 603 4218 693 4295; x_wconf 71' lang='grc' dir='ltr'><strong><em>πόλις</em></strong></span> <span class='ocrx_word' id='word_1_256' title='bbox 726 4223 809 4300; x_wconf 66' lang='grc' dir='ltr'><strong><em>ἡμῶν</em></strong></span> <span class='ocrx_word' id='word_1_257' title='bbox 833 4224 930 4288; x_wconf 75' lang='grc' dir='ltr'><strong>’ὙΠΟ</strong></span> <span class='ocrx_word' id='word_1_258' title='bbox 956 4231 1018 4296; x_wconf 75' lang='grc' dir='ltr'>τοῖς</span> <span class='ocrx_word' id='word_1_259' title='bbox 1043 4224 1201 4303; x_wconf 70' lang='grc' dir='ltr'><strong><em>πολεμίοις</em></strong></span> <span class='ocrx_word' id='word_1_260' title='bbox 1227 4225 1364 4303; x_wconf 76' lang='grc' dir='ltr'><strong><em>νένιρπαι.</em></strong></span> 
     </span>
     <span class='ocr_line' id='line_1_33' title="bbox 179 4328 1365 4415; baseline -0.001 -17"><span class='ocrx_word' id='word_1_261' title='bbox 179 4332 266 4414; x_wconf 78' lang='lat' dir='ltr'>Quae</span> <span class='ocrx_word' id='word_1_262' title='bbox 295 4331 371 4395; x_wconf 87' lang='lat' dir='ltr'>urbs</span> <span class='ocrx_word' id='word_1_263' title='bbox 400 4333 492 4415; x_wconf 78' lang='lat' dir='ltr'>capta</span> <span class='ocrx_word' id='word_1_264' title='bbox 522 4328 603 4394; x_wconf 81' lang='lat' dir='ltr'>vertit</span> <span class='ocrx_word' id='word_1_265' title='bbox 632 4328 666 4392; x_wconf 88' lang='grc' dir='ltr'><strong><em>ν’νο</em></strong></span> <span class='ocrx_word' id='word_1_266' title='bbox 696 4329 822 4394; x_wconf 77' lang='lat' dir='ltr'>tortium</span> <span class='ocrx_word' id='word_1_267' title='bbox 845 4336 1020 4415; x_wconf 69' lang='lat' dir='ltr'>potestatem</span> <span class='ocrx_word' id='word_1_268' title='bbox 1052 4331 1169 4400; x_wconf 85' lang='lat' dir='ltr'>dicitur</span> <span class='ocrx_word' id='word_1_269' title='bbox 1197 4333 1279 4399; x_wconf 75' lang='lat' dir='ltr'>’em</span> <span class='ocrx_word' id='word_1_270' title='bbox 1304 4339 1365 4404; x_wconf 80' lang='grc' dir='ltr'><strong><em>τοῖς</em></strong></span> 
     </span>
     <span class='ocr_line' id='line_1_34' title="bbox 179 4435 599 4517; baseline -0.019 -12"><span class='ocrx_word' id='word_1_271' title='bbox 179 4435 335 4517; x_wconf 72' lang='grc' dir='ltr'><strong><em>πολεμίοις</em></strong></span> <span class='ocrx_word' id='word_1_272' title='bbox 359 4435 515 4516; x_wconf 74' lang='grc' dir='ltr'><strong><em>γενέσθαι.</em></strong></span> <span class='ocrx_word' id='word_1_273' title='bbox 597 4500 599 4510; x_wconf 70' lang='grc'><strong><em>,</em></strong></span> 
     </span>
    </p>
   </div>
   <div class='ocr_carea' id='block_1_7' title="bbox 0 0 1548 5004">
    <p class='ocr_par' dir='ltr' id='par_1_8' title="bbox 0 0 1548 5004">
     <span class='ocr_line' id='line_1_35' title="bbox 0 0 1548 5004; baseline 0 0"><span class='ocrx_word' id='word_1_274' title='bbox 0 0 1548 5004; x_wconf 95' lang='lat' dir='ltr'> </span> 
     </span>
    </p>
   </div>
  </div>
 </body>
</html>
