3076 5004
725 316 807 402 228·

174 502 252 575 haec
281 528 356 574 oum
388 507 590 593 Polybianis,
623 495 702 590 quae
731 506 904 593 Dionysius
932 510 964 579 et
986 507 1099 574 Livius
1122 509 1243 593 optimo
1266 522 1363 572 nove

176 620 263 680 rant:
291 614 422 680 ἐθελοντὶ
454 613 506 677 καὶ
530 613 615 691 μετόν
638 613 767 693 χόρντρς
791 612 979 693 παραδόντες
1001 616 1056 689 τὴν
1080 612 1169 680 πόλιν
1183 651 1224 664 -
1239 613 1281 685 εἰς
1307 610 1364 684 τὴν

176 720 289 785 οἰκείαν
312 721 488 794 ἐπανῆλθον.

221 826 292 891 Iam
321 831 449 910 tempus
476 828 544 890 erat
566 832 604 889 ut
627 823 794 891 Gallorum
817 825 987 892 insolentia
1010 829 1228 914 castigaretur.
1276 825 1366 890 Audi

175 930 308 998 Livium
340 929 378 996 V.
408 928 462 994 49.
508 931 599 994 Forte
626 933 752 1015 quodum
775 937 951 1016 priusquam
980 933 1112 1017 defendo
1142 953 1248 996 mercer
1268 935 1366 1016 perfi-

177 1044 291 1101 ceretur
315 1073 357 1086 --
380 1037 518 1101 Dictator
540 1038 699 1100 interuenit
721 1037 897 1122 auferrique
920 1060 1025 1102 aurum
1045 1040 1081 1102 de
1100 1042 1238 1102 melleet
1259 1038 1367 1101 (lullae

175 1144 337 1206 submoueri
357 1144 447 1207 tutet.
482 1141 580 1207 Haud
601 1143 670 1208 vidi
693 1144 816 1230 magis:
842 1143 902 1222 χρὴ
927 1142 958 1207 δὲ
982 1147 1024 1208 τὰ
1047 1145 1229 1221 πλάσματα
1248 1142 1366 1208 πιθανόν

78 1269 91 1286 ·
177 1244 271 1323 εἶναι,
306 1253 344 1313 nt
374 1248 577 1314 Aristarchus
601 1247 736 1314 dicebat.
782 1249 874 1314 Forte
895 1251 1037 1335 quodum,
1061 1253 1185 1335 inquit;
1210 1253 1302 1336 quasi
1325 1250 1366 1316 de

176 1358 395 1442 praetereunte
424 1357 545 1420 viatore
574 1353 764 1438 loqueretur.
812 1353 965 1446 Lepidius
989 1358 1087 1421 etiam
1112 1361 1175 1421 est:
1204 1357 1367 1441 Gallosque

177 1462 340 1525 submoueri
368 1461 465 1539 iubet,
494 1460 598 1526 veluti
620 1462 837 1544 importunam
860 1465 892 1525 ot
915 1461 1084 1527 molestam
1107 1462 1246 1527 turbam.
1294 1463 1367 1528 ltur

176 1573 285 1634 tamen
316 1567 356 1633 ad
386 1588 484 1633 arma.
505 1573 604 1650 pruuo
628 1588 770 1630 eoueuuau
791 1567 874 1629 toul
891 1572 1001 1632 maiore
1023 1575 1163 1632 momento
1177 1568 1255 1653 fuel
1280 1568 1368 1631 (lolli

175 1681 245 1738 eunt
274 1696 358 1758 queem
388 1679 429 1738 ud
457 1675 569 1738 Allium
599 1674 742 1737 uicerunt.
791 1672 921 1736 Iustiore
944 1674 1037 1738 altero
1060 1675 1167 1738 deiude
1182 1674 1301 1756 proella
1325 1675 1369 1738 uel

174 1787 306 1844 ocluuuou
328 1781 455 1862 lapidem
481 1779 598 1842 (lutino
621 1784 671 1842 utu
695 1815 736 1826 —
761 1782 930 1842 oiuouutur.
979 1779 1030 1842 Ibi
1052 1781 1152 1843 caedue
1170 1780 1270 1844 oucule
1292 1781 1367 1844 olli·

175 1885 243 1948 uuit
264 1922 305 1934 -
330 1904 370 1950 nn
391 1904 433 1951 uu
455 1901 591 1951 sonorus
615 1901 737 1957 oornnu
760 1881 873 1949 colors
896 1901 1062 1950 rumonus.
1160 1928 1179 1953 χ

221 1990 333 2076 Itaque
362 2013 446 2056 nunc
478 1988 567 2056 Galli
596 2009 705 2054 omnes
727 1991 847 2054 mortui
871 1996 946 2054 sunt
969 1997 1001 2055 et
1023 1991 1080 2056 has
1103 1993 1296 2056 iustissimas
1319 1993 1367 2056 in·

178 2097 329 2163 solentino
353 2117 469 2182 poenas
492 2093 664 2172 dederunt,
689 2095 744 2160 sed
768 2095 842 2160 audi
866 2095 1041 2182 Polybium
1064 2117 1140 2163 vera
1165 2101 1365 2163 narrantem:

177 2203 262 2280 μετόν
292 2201 419 2283 χόρντνς
452 2199 643 2280 παραδόντες
668 2203 723 2276 τὴν
745 2201 835 2266 πόλιν
860 2199 1002 2282 όόρανςνν
1027 2201 1079 2267 καὶ
1102 2203 1216 2274 όσινεῖς
1240 2201 1366 2282 ἔχοντες

177 2311 231 2386 τὴν
255 2311 408 2390 ὠφέλειαν
430 2309 472 2380 εἷς
497 2308 551 2382 τὴν
576 2306 689 2372 οἰκείαν
712 2307 881 2383 ἐπανῆλθον
906 2310 1078 2374 etiterum
1101 2307 1144 2374 H.
1172 2307 1224 2374 18.
1248 2306 1364 2398 (Galli)

177 2423 235 2482 τῶν
260 2414 416 2481 Οόενέτων
440 2412 643 2491 ἐμβαλόντων
668 2415 709 2486 εἷς
733 2414 788 2487 τὴν
810 2413 914 2493 χώραν
939 2415 1038 2480 αὐτῶν
1062 2411 1135 2479 τότε
1158 2415 1215 2492 μὲν
1238 2414 1368 2490 παντό-

177 2550 260 2603 ustor
285 2522 435 2597 συνθήκας
460 2519 531 2599 πρὸς
556 2520 723 2597 Ῥωμαίους
748 2519 800 2583 καὶ
825 2522 880 2593 τὴν
904 2522 992 2584 πόλιν
1017 2520 1204 2600 παραδόντες
1232 2522 1368 2596 ἐπανῆλ-

177 2632 223 2696 lou
255 2630 296 2698 εἷς
329 2629 383 2701 τὴν
410 2625 534 2690 οἰκείαν.
583 2626 700 2690 Postea
718 2633 794 2690 nata
816 2625 902 2691 fama
925 2631 974 2691 est
997 2626 1138 2691 Drusum
1160 2635 1368 2710 propraetore

175 2759 211 2801 ec
235 2733 393 2821 prouincia
427 2733 529 2796 Gellio
556 2733 694 2797 uetuluee
724 2755 830 2795 eurum
861 2732 1023 2796 Senonibus
1053 2734 1122 2796 oliuu
1153 2732 1186 2796 lu
1217 2733 1367 2797 oboldloue

179 2841 321 2926 Capitolii
341 2841 443 2904 dutum
465 2861 517 2902 uec
541 2839 588 2922 (ut
601 2839 696 2923 fumo
719 2844 774 2918 eet)
798 2844 942 2902 eulorlum
964 2861 984 2901 u
1009 2839 1148 2903 Camlllo.
1194 2837 1366 2904 Suetonius

175 2949 210 3012 in
243 2946 357 3011 Tiberio
385 2966 452 3031 cap.
478 2943 508 3009 3.
555 2943 627 3009 Non
651 2948 718 3007 tam
742 2943 798 3008 diu
822 2941 934 3010 Gallos
956 2964 1095 3011 servasse
1119 2963 1233 3010 aurum
1257 2944 1366 3010 Itoma-

176 3054 225 3117 πόα
248 3059 407 3129 oculorium,
433 3050 559 3116 docebit
580 3048 738 3135 Polybius
760 3047 801 3114 II.
828 3047 880 3114 18.
971 3078 973 3081 ·

220 3159 312 3226 Nihil
333 3159 385 3223 his
409 3157 489 3222 addo
512 3159 636 3241 praeter
658 3157 799 3221 iocosum
824 3153 943 3222 Gallici
966 3159 1076 3240 polteo
1103 3155 1320 3222 versiculum:

358 3269 387 3328 et
409 3262 476 3326 c’eat
496 3266 640 3345 pourluul
662 3260 743 3324 uiuaci
766 3283 820 3346 que
842 3262 901 3326 l'ou
925 3259 998 3326 e'crlt
1020 3260 1174 3327 llletcu're.

221 3478 319 3561 Saepe
351 3474 461 3540 audivi
493 3477 525 3537 et
555 3470 622 3558 legi
648 3471 799 3555 ¹querelas
831 3492 959 3550 eorum,
992 3476 1048 3559 qni
1080 3473 1221 3538 dolerent
1243 3479 1365 3540 veteres

175 3585 334 3650 Romanos
362 3578 536 3645 Annalium
567 3579 734 3662 scriptores
768 3599 877 3643 omnes
904 3579 995 3644 nobis
1017 3582 1156 3665 periisse.
1205 3579 1364 3665 Equidem

173 3712 236 3757 non
258 3692 305 3754 ita
325 3705 480 3772 magnum
498 3683 581 3748 illud
602 3684 756 3747 damnum
776 3704 843 3748 esse
863 3687 1030 3763 existimo,
1051 3705 1190 3769 namque
1209 3684 1364 3770 quidquid

174 3778 210 3863 in
238 3796 280 3860 iis
309 3795 426 3857 inesset
456 3790 531 3855 boni
562 3788 670 3855 sedulo
702 3811 721 3854 e
749 3789 844 3854 Livio
876 3794 908 3854 et
938 3789 1092 3878 Dionysio
1119 3811 1185 3855 esse
1207 3792 1242 3854 in
1265 3790 1363 3856 libros

175 3922 248 3970 suos
270 3902 452 3983 receptum,
477 3895 599 3981 reliqua
622 3894 707 3961 levia
731 3899 763 3960 et
785 3895 922 3981 puerilia
944 3896 1052 3962 fuisse.
1096 3895 1194 3982 Saepe
1217 3896 1302 3962 mihi
1324 3896 1362 3963 od

170 4011 249 4075 hoec
278 4006 313 4070 in
342 4007 485 4068 mentem
514 4002 603 4068 venit
634 4000 698 4066 loci
726 4000 871 4094 Platonis
903 4002 942 4067 de
972 4001 1094 4088 Hippia
1130 4001 1281 4088 Sophiste
1318 4005 1362 4090 (in

174 4177 361 4192 ...on—nn*

172 4272 220 4319 Mle
244 4263 427 4327 ἀπολυσάμενος
452 4266 499 4324 τὴν
523 4263 652 4328 μάχαιραν
665 4263 730 4326 ,ἅμα
754 4264 864 4314 καὶτὸν
893 4261 988 4328 (oquae
1015 4263 1146 4328 προσέθηκε
1174 4269 1226 4324 τοῖς
1252 4265 1359 4328 quaeue.
1444 4264 1447 4269 ’

171 4354 347 4418 Πννόαννμόννν
373 4353 399 4406 δὲ
424 4357 470 4405 τοῦ
494 4355 636 4405 Σννλπνιίνν
656 4355 709 4415 „ul
725 4348 833 4415 τνότν;”
853 4354 884 4406 τί
898 4355 947 4419 γὰρ
967 4351 1044 4414 tuto,
1066 4352 1145 4415 εἶπεν,
1165 4349 1180 4414 ι)
1201 4357 1253 4416 ταῖς
1274 4373 1359 4418 νενικη-

157 4446 248 4512 .μόνας
267 4444 348 4508 ellum
366 4446 448 4500 Vertit
464 4448 492 4497 ut
509 4446 589 4513 potuit
606 4461 648 4499 ναν
665 4447 742 4498 ueto.
