3076 5004
806 286 849 358 62

236 478 303 546 sius
325 479 372 546 ita
394 477 537 565 loquitur
558 482 596 545 nt
618 499 692 568 pag.
718 477 794 546 567.
818 476 1103 560 συγγιγνώσκουσιν
1127 483 1247 559 ἑαυτοῖς
1274 505 1423 563 κεκρατκ·

236 587 335 667 μένοις
358 587 451 652 υίυίοο
468 585 503 651 ’κο
525 609 585 651 esee
606 590 795 670 confiteatur.

281 694 450 760 Praeterea
472 694 574 759 scribe
593 695 744 772 ἭΓαγον
767 715 824 781 pro
848 689 932 772 ἦγον.

281 904 362 991 Peg.
396 902 472 970 353.
503 907 557 969 τοῦ
588 902 619 968 u
651 903 744 981 μηδὲν
774 901 820 969 ἔτι
849 905 1038 986 κευτερίΕΑΙ
1063 905 1097 970 τὸ
1122 904 1210 973 reela
1233 912 1424 986 παρασχεῖν.

234 1010 358 1078 Natura
380 1013 427 1078 rei
452 1015 484 1077 et
507 1009 632 1076 dicendi
654 1031 731 1076 usus
754 1011 901 1076 futurum
925 1010 1088 1097 postulant
1111 1018 1284 1093 νεωτεριεῖν.

281 1221 363 1309 Peg.
388 1217 463 1287 354.
488 1218 678 1302 μυθυδὲςερα
703 1220 745 1286 τα
770 1221 835 1301 περὶ
870 1223 993 1286 αὐτοῦ
1025 1225 1190 1294 ποιοῦντες.
1238 1219 1354 1289 Graeci
1377 1223 1425 1288 di-

237 1328 350 1393 eebant
378 1328 420 1392 ric
453 1328 520 1410 περὶ
550 1326 654 1392 αθτθν.
701 1326 809 1392 Simili
840 1348 942 1393 errore
973 1328 1123 1393 scribitur
1151 1350 1225 1416 pag.
1260 1326 1336 1397 357.
1363 1329 1423 1403 τὰς

238 1435 305 1513 περί
338 1436 433 1500 αὐτοῦ
465 1434 589 1515 ίςυρίας.
636 1432 712 1500 Sine
741 1435 856 1500 mendo
879 1455 955 1523 pag.
982 1432 1057 1500 360.
1081 1435 1136 1510 τὴν
1162 1434 1228 1515 περὶ
1253 1434 1305 1500 τὸν
1328 1431 1424 1516 ἄνδρα

236 1544 343 1607 τοῦτον
366 1542 490 1623 ίςορίαν.

281 1751 362 1838 Peg.
394 1749 470 1816 359.
503 1750 605 1825 ἐπειδὴ
629 1759 684 1823 τίς
709 1752 878 1830 ἡγεμονίας
903 1750 1274 1826 αὐτοί-ασκλαθκοκτο
1299 1760 1425 1816 ΜΗΤΕ

235 1864 293 1922 τῶν
317 1857 573 1935 ἐπιβουλευόντων
597 1857 702 1934 μηδενί
728 1860 898 1936 προσθεῖναι
923 1859 977 1931 τίον
997 1860 1109 1939 οίρχθν.
1146 1859 1357 1944 Perspicuum
1377 1863 1426 1924 est

235 1973 339 2041 μνΔΕ
362 1985 429 2030 esse
452 1963 685 2050 corrigendum.
731 1963 943 2030 Vehementer
966 1971 1148 2051 suspectum
1174 1970 1222 2030 est
1245 1964 1424 2046 ἕτοβουλευ-
1532 2043 1535 2048 ¹

237 2068 348 2147 θντυν,
373 2069 457 2156 quod
481 2069 584 2134 adbuc
608 2069 726 2134 frustra
748 2074 909 2136 tentatum
932 2076 989 2137 est.

284 2284 360 2367 Peg.
396 2277 470 2344 361.
503 2278 668 2352 Μύσκελος
697 2281 794 2356 αὐτὴν
820 2279 997 2368 (Crotonem)
1024 2277 1152 2346 ἔκτισεν.
1199 2278 1351 2347 Conditor
1371 2300 1427 2363 nof

238 2386 415 2453 bilissimas
433 2385 522 2450 urbis
541 2383 726 2458 Monaesum
744 2386 981 2472 appellabatur,
999 2391 1037 2470 ut
1055 2389 1089 2451 in
1104 2388 1271 2452 notissimo
1283 2386 1425 2452 oraeulo:

375 2490 545 2557 Μιίσκελλε
569 2491 774 2574 βραχθνυτε,
799 2493 862 2559 θεὸν
886 2492 985 2573 παρὲξ
1008 2491 1087 2558 οίλλυ
1111 2493 1267 2572 ματεύων.

237 2599 321 2686 apud
345 2596 534 2664 Strabonem
557 2619 630 2686 pag.
656 2597 731 2664 262.

280 2809 360 2897 Peg.
387 2806 463 2873 364.
487 2811 595 2873 narrat
613 2807 757 2875 Numam
775 2808 990 2895 Pompilium,
1015 2831 1115 2895 quum
1134 2809 1279 2876 homines
1298 2809 1426 2876 fabulae

235 2916 273 2982 de
297 2915 441 3002 nympha
463 2913 581 3001 Egeria
603 2914 689 2980 male
712 2916 891 2999 eraderent,
912 2914 1097 2993 βουλόμενον
1118 2915 1339 2991 οίντοδείξασθκι
1360 2925 1425 2990 τοῖς

234 3024 395 3088 οίιτιςοῦσιν
420 3018 545 3100 ἐναργές
569 3044 598 3084 τι
623 3021 753 3098 μήνυμα
777 3028 832 3095 τῆς
858 3020 929 3102 πρὸς
953 3022 1008 3095 τὴν
1033 3020 1165 3098 δαίμονα
1189 3022 1315 3099 ὁμιλίας
1340 3023 1421 3111 [καί]

234 3125 420 3206 διδαχθέντα
455 3126 507 3190 ὑπ’
542 3128 640 3199 αὐτῆς
673 3133 798 3200 ’ποιῆσαι
828 3126 915 3191 τοίδε.
961 3128 1111 3193 Primum
1136 3130 1236 3195 scribe
1262 3128 1424 3206 οίσοδεῖξαι

233 3255 289 3321 pro
320 3230 555 3309 ἀποδείξασθαι.
601 3232 674 3299 Non
703 3238 835 3318 possunt
865 3234 943 3299 haee
970 3236 1055 3299 iuter
1086 3255 1118 3300 se
1148 3239 1274 3301 mutare
1304 3235 1423 3301 locum.

232 3341 344 3426 Itaque
374 3343 552 3405 rectissime
581 3338 748 3426 Kiessling
776 3360 850 3426 pag.
885 3336 960 3404 729.
993 3341 1047 3415 τίον
1078 3339 1186 3405 τούτου
1211 3344 1423 3420 συκοφαντίαν

234 3444 482 3522 ἕσιδιίξΑΟΘΛΙ
505 3445 711 3523 βουλόμενος,
735 3447 877 3530 reposuit
902 3443 1062 3520 ἐπιδεῖξαι.
1098 3446 1220 3512 Deinde
1244 3446 1336 3512 fenile
1355 3469 1424 3513 sen·

235 3555 295 3620 ties
320 3551 374 3617 καί
398 3573 464 3617 esse
483 3550 724 3636 interpolatum.
758 3549 830 3616 Nou
851 3553 936 3616 enim
957 3551 1142 3630 βουλόμενον
1164 3554 1215 3616 καί
1236 3553 1424 3632 διδαχθέντα

234 3661 387 3746 eoniungi
416 3661 564 3743 possunt,
597 3662 629 3721 et
659 3659 863 3742 perspicuum
894 3662 942 3722 est
974 3666 1097 3733 ποιῆσαι
1128 3657 1205 3723 τοίδε
1236 3657 1425 3739 διδαχθέντα

234 3767 285 3833 ὑπ’
310 3767 406 3839 αὐτῆς
431 3766 598 3828 coniuncta
621 3784 698 3828 esse.

279 3873 357 3938 Post
368 3890 469 3956 pauca
480 3869 549 3935 dele
562 3869 734 3934 articulum
745 3873 780 3934 in
792 3871 897 3938 verbis
910 3879 1018 3937 καλεῖν
1032 3872 1143 3944 αὐτοὺς
1156 3871 1208 3953 ἐστὶ
1222 3873 1284 3959 [ri]
1293 3872 1420 3940 δεῖπνον.

277 4081 357 4169 Peg.
392 4077 468 4145 367.
501 4079 587 4144 κατὰ
617 4079 677 4151 τοὶς
708 4079 858 4154 συνθήκας
889 4080 948 4153 τοὶς
980 4080 1150 4160 γινομένας
1177 4082 1325 4164 Ῥωμύλῳ
1349 4085 1423 4166 πρὸς

231 4186 350 4252 Τοίτιον
374 4186 424 4250 ἕτί
448 4193 512 4257 τοῖς
536 4185 609 4258 ίσυις
635 4194 892 4251 ΓΕΝΟΜΕΝΟΙ
916 4186 1140 4267 μετειληφέναι
1165 4195 1220 4262 τῆς
1246 4182 1421 4263 τθλευς-

233 4294 358 4358 ἐδόκουν.
387 4291 560 4380 Kiessliug.
581 4291 736 4370 γενθμενοι
752 4292 972 4380 expungebat.
1019 4293 1105 4358 Mihi
1128 4294 1301 4381 Dionysius
1325 4299 1421 4382 serip-

233 4400 310 4466 sisse
332 4398 477 4467 videtur:
502 4399 551 4465 ἐντί
576 4407 639 4472 τοῖς
667 4397 740 4473 ίσυις
765 4408 836 4464 ΚΑΙ
863 4401 1075 4480 ‘OMOlOlC,
1099 4405 1137 4466 ut
1158 4400 1273 4468 intuli
1294 4423 1328 4468 re
1356 4402 1421 4469 diei
