3076 5004
802 246 868 339 iso
973 299 976 304 ·

283 453 363 545 Peg.
396 439 495 524 1157.
527 457 553 523 εί
580 438 776 535 ’μέλλΟΙμεν
806 460 961 533 αόπείςως
994 458 1066 540 πρὸς
1097 459 1132 524 τό
1156 429 1321 538 δημοτικόν
1345 453 1431 551 ἔχειν

237 563 461 629 ἀπαλλακτέον
493 566 565 642 ἡμῖν
597 565 650 630 καί
681 570 787 630 ταῦτα
815 567 859 630 τόν
889 567 1024 645 πόματα
1048 561 1190 633 ε’κποδιόν.
1238 566 1431 654 Legendum

239 672 264 735 εί
289 670 473 750 μέλλομεν.

285 881 365 969 rag.
399 881 496 947 1159.
531 885 565 947 in
595 885 768 949 secessione
798 884 901 970 plebis
931 887 1058 970 patricii
1089 883 1265 950 deliberant
1295 881 1333 948 de
1369 881 1436 947 elie

239 989 449 1055 multitudine
481 991 603 1056 civium
627 989 754 1055 aliunde
777 992 812 1054 in
835 991 947 1056 urbem
970 991 1162 1057 arcessenda.
1211 990 1341 1071 Quaerit
1365 988 1434 1073 Ap·

239 1098 329 1180 pius:
354 1096 379 1159 οί
404 1095 462 1166 τοὶς
487 1095 602 1161 ἑαυτῶν
627 1097 780 1173 πατρίδας
806 1097 1000 1178 ἐκλείψοντες
1015 1098 1151 1169 -τίνες
1176 1093 1314 1168 έοονται;
1340 1093 1436 1160 Divi-

241 1199 349 1267 tesnei
380 1201 432 1265 καί
465 1203 511 1273 τίς
543 1201 581 1267 ίιν
615 1203 785 1279 ὑπομείνειε
817 1204 859 1266 roi
892 1204 988 1267 οἰκεία
1020 1204 1203 1282 παραλιπὼν
1234 1201 1345 1279 syort
1372 1206 1434 1265 τῶν

241 1309 410 1388 οίλλοτρίον
435 1313 594 1388 γλισχρῶς
620 1310 752 1393 (optime
775 1308 949 1396 Kiessling.
974 1329 1031 1394 pro
1054 1311 1204 1390 αίοχρῶς)
1229 1305 1433 1385 μεταλαβεῖν

242 1420 359 1492 κακῶν;
375 1414 447 1490 -ἢ
470 1416 506 1480 ’τὸ
530 1415 690 1489 δημοτικόν
712 1413 764 1479 καί
788 1413 904 1482 α’νέςιον
930 1413 1109 1492 ἐπαξόμεθα
1135 1419 1266 1491 πλῆθος,
1291 1408 1348 1477 οἷον
1377 1411 1432 1476 καί

242 1521 278 1586 τό
310 1521 421 1585 ἐνθένδε
453 1523 610 1586 οίπελαθὲν
642 1518 693 1597 do,
718 1522 808 1594 δῆλον
830 1519 875 1584 ότι
901 1529 971 1586 ΚΑΙ
995 1521 1076 1600 χρέα
1101 1521 1151 1585 καί
1178 1519 1353 1592 καταδίκας
1378 1517 1433 1583 καί

243 1627 302 1698 τίις
334 1628 544 1707 ὁμοιοτρόπους
575 1625 707 1699 ταύταις
741 1627 905 1708 conponor
937 1629 1111 1705 ἀγαπητῶς
1142 1624 1208 1692 όποι
1240 1626 1325 1706 τθχρ
1348 1625 1436 1704 μεθι-

246 1732 442 1813 δρυοθμενον;
477 1733 621 1821 Sylburg
644 1733 698 1797 καί
721 1735 754 1797 in
778 1734 862 1798 κατοί
886 1733 1050 1811 mutabat,
1075 1734 1129 1813 sed
1154 1731 1237 1797 κατοί
1261 1735 1295 1796 in
1318 1729 1378 1797 tali
1400 1751 1438 1796 re

243 1839 352 1905 lorum
385 1860 448 1905 non
479 1840 584 1904 habet.
632 1837 917 1923 simplicissimum
947 1844 995 1905 est
1018 1840 1072 1904 καί
1094 1844 1275 1906 convertere
1298 1840 1333 1903 in
1357 1847 1436 1903 ΔΙΑ

246 1951 277 2010 et
302 1947 410 2011 omnia
433 1944 528 2031 plana
550 1951 583 2011 et
606 1947 772 2030 perspicua
796 1949 896 2009 erunt.

247 2187 250 2194 ¹
288 2156 369 2243 Peg.
393 2154 488 2221 1161.
511 2155 584 2237 ὑπὲρ
604 2156 683 2226 τίνος
704 2152 843 2230 οίξιόοειε
862 2153 1038 2220 κινδννεόειν
1058 2155 1196 2233 οίραθοῦς
1221 2154 1436 2242 Perspicuum

245 2267 292 2327 est
316 2260 353 2327 ίίν
378 2261 549 2340 excidisse,
577 2260 650 2342 ὑπὲρ
673 2261 752 2334 τίνος
777 2259 841 2345 (θον)
866 2258 1032 2337 ἀξιώσειεν.

290 2473 370 2560 Peg.
398 2471 495 2537 1162.
521 2471 666 2548 πολέμιον
690 2474 728 2544 ὡς
752 2471 795 2536 roi
820 2470 924 2536 πολλοὶ
949 2475 1002 2535 τοῦ
1026 2471 1161 2545 πλείονος
1186 2470 1357 2537 τοῦλαττον
1378 2496 1435 2536 και

246 2580 381 2646 θίςαται.
429 2577 622 2645 Obversatur
645 2580 675 2645 ei
697 2578 786 2644 locus
809 2576 973 2663 Euripidis
995 2579 1029 2642 in
1051 2577 1221 2642 Phoenissis
1245 2575 1320 2644 539.

494 2687 536 2763 τῷ
562 2686 665 2750 πλέονι
690 2687 716 2751 δ’
739 2685 787 2750 oiri
813 2681 958 2762 πολέμιον
982 2684 1149 2750 καθίςαται

495 2784 677 2857 τοῦλασσον.

290 3004 370 3093 Peg.
405 3002 502 3069 1163.
533 3000 584 3068 καί
617 3002 679 3083 γίιρ
703 2999 799 3080 οίνδρα
823 2999 878 3066 ἕνα
901 3001 954 3066 καί
980 2999 1070 3067 πόλιν
1094 2997 1167 3078 όλιρν
1189 3001 1238 3068 ἐπί
1263 3008 1332 3072 ταίς
1357 3015 1434 3065 καλ·

244 3111 347 3183 λίςαις
370 3116 429 3175 τῶν
452 3110 530 3175 ίδίον
553 3107 692 3190 προέξεον
713 3109 949 3190 φιλοτιμεῖσθαι
971 3108 1032 3189 xpi
1056 3109 1108 3174 καί
1133 3108 1192 3182 τόις
1217 3109 1329 3180 λοιπὰς
1351 3103 1435 3178 όπως

245 3217 490 3294 ίμολογοιίμεναι
522 3216 655 3288 ταύταις
688 3213 807 3279 ἔσονται
843 3223 976 3279 σκοπεῖν.
1024 3214 1198 3302 Dionysius
1232 3212 1435 3296 παραφροίζει

246 3322 353 3395 locum
373 3322 600 3412 ¹Demosthenis
617 3345 674 3406 pro
700 3322 817 3386 corono
839 3342 912 3409 pag.
937 3320 1014 3386 258.
1040 3320 1061 3386 2
1085 3322 1137 3386 καί
1162 3323 1225 3401 γόιρ
1249 3319 1344 3401 οίνδρα
1371 3319 1437 3404 ίδίρι
1476 3337 1482 3348 ·

245 3429 297 3494 καί
331 3428 420 3495 πόλιν
451 3438 532 3510 κοινῇ
564 3431 635 3508 πρὸς
668 3428 711 3492 τίς
743 3426 882 3496 κοίλλιςα
914 3433 973 3493 τῶν
1002 3427 1202 3508 ὑπαρχόντων
1226 3427 1273 3492 aiei
1296 3426 1344 3491 δεῖ
1365 3449 1436 3490 πει-

244 3540 354 3616 ρῖιοθαι
377 3534 420 3601 τοὶ
443 3536 539 3600 λοιποὶ
564 3534 721 3614 πράττειν.
759 3534 899 3620 Lepidus
922 3544 970 3599 est
992 3533 1161 3600 Menenius
1180 3535 1323 3621 Agrippa
1342 3529 1437 3596 Euri·

245 3643 353 3728 pidem
377 3648 410 3708 et
432 3641 679 3708 Demosthenem
702 3643 888 3707 memoriter
912 3645 1032 3707 tenens.

291 3851 370 3940 Peg.
396 3850 494 3918 1164.
519 3852 570 3917 καί
595 3854 648 3917 οὐκ
668 3852 777 3918 ”Ε(ΖΘ’
801 3847 880 3925 dorne
905 3848 1036 3924 κίνδυνός
1060 3875 1106 3923 τις
1130 3851 1180 3917 διίι
1205 3855 1312 3916 ταῦτα
1339 3851 1437 3917 κατέ-

245 3960 332 4036 λαβε
363 3962 418 4032 τίρν
450 3956 538 4024 πόλιν
566 3961 641 4024 ἀλλ’
664 3960 836 4024 ἐπαινεῖται
860 3960 942 4045 ὑμῶν
965 3960 999 4024 τό
1024 3957 1166 4030 ἐπιεικές.
1213 3957 1327 4022 Nescio
1350 3957 1437 4026 unde

246 4061 307 4128 ἔσθ’
336 4065 514 4149 irrepserit,
546 4065 630 4150 quod
660 4068 684 4130 si
717 4064 870 4131 deleveris
900 4067 1008 4131 omnia
1034 4064 1152 4130 hebent
1176 4066 1307 4149 optime.
1352 4060 1436 4152 Peg.

249 4168 346 4236 1178.
379 4171 430 4234 καί
464 4174 523 4253 οὐχ
555 4169 634 4244 dnos
668 4172 959 4248 ὑποκατακλίνομαί
989 4172 1176 4236 τι-οίλλόι
1209 4169 1287 4234 πολὺ
1311 4170 1436 4244 μᾶλλον

171 4312 174 4317 ·
247 4276 375 4356 ἔρρωμαι
408 4282 462 4354 τὴν
492 4281 634 4362 γνώμην,
668 4285 700 4344 et
731 4281 776 4344 sic
806 4280 978 4343 sexcenties
1006 4277 1066 4362 οὐχ
1090 4273 1326 4350 όποις-οίλλοί
1349 4295 1437 4343 com·

246 4389 417 4474 ponuntur.
