3076 5004
837 247 881 331 θθ

266 452 292 524 oi
324 445 500 536 μηδαμόθεν
533 453 813 538 spinaira-at
846 452 931 527 ἔθνος
956 455 1192 536 οέποφοοίνοντες.
1240 446 1313 524 Non
1336 460 1383 523 est
1406 445 1461 523 hia

267 563 401 630 articulo
430 563 519 629 loeus
551 569 615 634 τοῖς
645 561 788 640 οέληθέσι,
803 563 874 633 ‚sed
904 562 1125 626 scribendum:
1161 562 1360 628 κινδυνεύουσι
1393 562 1458 644 γάρ

266 679 343 734 ΤΟΙ
368 671 493 745 θληθέσι
517 670 596 734 ani.
631 666 716 733 'Pum
738 671 841 734 insere
863 670 1075 733 necessarium
1098 671 1304 755 participium
1327 672 1362 734 in
1390 691 1462 735 ver-

265 777 333 843 bis:
366 775 459 841 οὐδενί
492 774 580 855 ἄλλῳ
612 772 936 852 νένει-όμοδίοιιτον
966 768 1044 839 ’ὊΝ
1077 776 1259 855 εὑρίσκετοοι.
1306 774 1379 841 Non
1412 779 1466 856 est

266 884 351 950 aliud
379 885 513 950 verbum
538 882 623 968 quod
646 881 842 966 frequentius
864 881 1022 946 interierit
1045 902 1142 967 quam
1165 881 1195 948 όν
1220 883 1409 968 praesertim
1433 885 1461 948 si

266 992 377 1058 eadem
402 990 526 1078 syllaba
549 989 719 1074 praeeedit.
802 1020 804 1023 ·

209 1257 211 1261 ,
311 1200 392 1289 Pag.
426 1198 479 1266 80.
511 1200 641 1277 δόνοομίν
673 1222 709 1264 τε
742 1196 853 1274 όπόσην
886 1201 912 1265 οἱ
943 1200 1126 1278 σόμποιντες
1159 1200 1278 1265 excidit
1312 1200 1461 1266 verbum.

265 1306 383 1375 Reiske
407 1306 566 1380 ἐκέκτηντο
592 1305 770 1392 supplebat.
818 1306 937 1372 Malim
961 1308 986 1372 οἱ
1012 1308 1213 1384 σθμποιντθο
1237 1304 1339 1385 ἔσχον.

313 1519 393 1606 Pag.
419 1518 473 1583 81.
498 1517 532 1581 τό
558 1516 728 1580 ἐλοοττωθέν
752 1516 883 1581 ἐκοθσιον
907 1516 993 1595 μέρος
1022 1514 1189 1590 ὑπεξῆλθεν
1212 1520 1296 1581 reate
1318 1499 1462 1603 transpo-

266 1629 348 1690 nunt
378 1621 467 1703 μέρος
500 1623 640 1687 ἑκούσιον.
687 1622 760 1688 Non
782 1625 889 1687 minus
911 1625 1018 1707 inepte
1041 1625 1076 1686 in
1099 1623 1217 1688 vicinia
1239 1622 1378 1709 legitur:
1404 1622 1457 1687 κοιὶ

268 1733 361 1796 υότδν
386 1730 557 1818 (Faunum)
582 1732 620 1800 ὡς
645 1734 702 1794 τῶν
727 1728 895 1811 ἐπιχωρίων
920 1729 989 1792 πινόι
1016 1729 1160 1806 Ῥωμοοῖοι
1183 1729 1333 1808 δοοιμόνων
1349 1767 1390 1777 -
1405 1753 1458 1807 γε·

267 1837 433 1919 ροιίοονσιν,
459 1857 516 1922 pro
539 1835 687 1914 δοιιμόνων
711 1839 866 1914 Ῥωμοοῖοι.

313 2047 392 2137 Pag.
425 2046 479 2113 83.
512 2048 581 2114 οὔτε
612 2046 693 2126 χοόος
719 2046 829 2126 ἐμοιθον
854 2047 1094 2127 ἐπιτελουμένας
1120 2047 1190 2113 οὔτε
1215 2045 1294 2114 όόλλο
1319 2056 1376 2115 τῶν
1400 2074 1459 2116 τοι·

267 2153 452 2234 ουποτρόπων
472 2154 566 2218 ὀὐδὲν
596 2153 739 2231 ἠδυνήθην
770 2156 890 2232 μοοθεῖν.
940 2155 1003 2220 Pro
1034 2159 1144 2232 μοοθεῖν
1175 2157 1355 2241 recipienda
1390 2161 1459 2222 erat

266 2263 429 2328 Urbinaiis
463 2261 558 2326 lectio
593 2261 681 2334 ἰδεῖν,
717 2266 754 2325 ut
785 2283 856 2349 pag.
899 2259 952 2326 84.
988 2262 1129 2343 Εὐθνδρῳ
1166 2263 1270 2336 θυσίης
1308 2260 1457 2341 ἐμοιθον

268 2407 309 2418 -
324 2354 564 2446 ἐπιτελουμένης
588 2367 677 2442 όσέτη
693 2406 733 2415 -
749 2368 800 2432 aa>
825 2367 950 2446 βωμοὺς
975 2368 1211 2447 ἐθεησοίμην
1234 2369 1415 2450 ἱδρυμένους.

310 2578 464 2647 Perutilis
495 2579 535 2646 ad
559 2577 808 2669 cognoscendam
832 2578 987 2647 librorum
1011 2578 1106 2646 fidem
1131 2585 1163 2646 et
1186 2582 1361 2648 scribarum
1386 2583 1456 2650 dor-

264 2690 453 2756 mitantium
477 2688 709 2776 negligentiam
730 2694 777 2753 est
796 2687 875 2753 felix
892 2687 1083 2774 Kiesslingii
1104 2688 1283 2754 emendatio
1305 2710 1378 2778 pag.
1401 2688 1455 2756 84.

263 2794 301 2862 In
322 2793 414 2862 libris
438 2801 501 2860 est:
527 2796 553 2857 οἱ
579 2792 728 2872 ’Λοκόδες
741 2827 785 2842 -
798 2793 840 2859 τοί
864 2818 898 2858 τε
919 2790 1007 2857 όολλοι
1032 2792 1267 2871 διεκοσμοῦνΤΟ
1288 2797 1456 2875 ητίσμοιτοο

264 2923 321 2990 pro
347 2900 389 2967 ποί
414 2927 449 2968 τε
474 2899 560 2965 όολλοο
587 2899 764 2978 διεκόσμουν
790 2900 823 2964 τό
849 2901 978 2976 κτίσμοι.

309 3007 389 3096 Pag.
422 3007 476 3073 85.
509 3003 683 3095 legendum
715 3028 754 3072 ex
784 3016 806 3070 B
839 3007 924 3084 μετόν
956 3006 1015 3076 τὰς
1038 3004 1219 3087 χειμερίΑΕ
1241 3007 1373 3089 τροποίς,
1398 3030 1456 3095 pro

263 3116 450 3200 χειμερίους.

309 3332 388 3420 Peg.
419 3329 473 3396 86.
504 3329 556 3396 aa}
589 3330 662 3411 aap'
694 3322 795 3408 ἐκείνῳ
827 3320 913 3401 Τέως
946 3321 987 3400 είς
1020 3318 1096 3411 ἐίσην
1127 3321 1260 3411 οίφίκεπο
1285 3332 1452 3412 προοΦῆνοιι.

262 3440 422 3526 Frequens
453 3459 538 3504 error
567 3458 623 3524 pro
653 3434 750 3520 Ἕως,
782 3435 885 3502 veluti
914 3457 989 3523 pag.
1023 3436 1076 3501 95.
1102 3433 1201 3516 ὥσπερ
1226 3439 1256 3502 ἐν
1281 3437 1453 3521 Κοιρχηδόνι

262 3547 347 3618 Τέως
378 3548 394 3621 η
428 3545 517 3617 πόλις
549 3543 711 3627 διέμεινεν,
743 3548 775 3607 et
807 3563 879 3630 pag.
914 3541 988 3610 174.
1021 3545 1095 3615 τέως
1128 3547 1144 3619 η
1173 3545 1261 3617 πόλις
1289 3547 1451 3620 ἡλίσκετο,

263 3658 295 3720 et
317 3674 389 3740 pag.
415 3649 492 3715 945.
516 3651 588 3722 τέως
614 3650 656 3719 είς
681 3648 807 3728 δρυμοὺς
832 3649 981 3730 ἐφίκοντο
1002 3651 1121 3729 sassa.
1161 3650 1367 3717 Tralatioiam
1387 3673 1454 3718 esse

262 3761 344 3827 hano
375 3760 409 3823 in
435 3758 526 3822 libris
550 3757 648 3821 etiam
672 3757 803 3841 optimis
826 3757 1040 3823 confusionem
1066 3755 1179 3821 multis
1202 3757 1397 3822 ostendimus
1420 3761 1454 3822 in

263 3867 453 3951 Mnemosyne
478 3861 576 3930 1875.
603 3883 676 3950 pag.
702 3859 779 3928 274.

307 3972 346 4038 In
374 3974 415 4036 iis
445 3971 500 4055 qui
531 3969 721 4054 praecedunt
752 3967 963 4053 perridiculus
995 3989 1080 4034 error
1103 3973 1150 4034 est
1176 3971 1209 4033 in
1234 3965 1386 4034 Urbinate
1411 3971 1453 4043 είς

263 4078 454 4162 οὐρονοὺς
488 4079 621 4158 ἐφίκετο
652 4095 708 4160 pro
741 4076 783 4146 είς
815 4072 899 4154 νόμον.
949 4076 1163 4162 Agnoscimus
1188 4075 1323 4140 scribam
1346 4073 1454 4142 Chris-

263 4192 400 4256 tianum.

308 4400 389 4487 Pag.
422 4393 477 4460 36·
508 4392 673 4472 ἐθέδέθξθν
705 4395 735 4459 δέ
767 4394 819 4459 aa}
854 4391 1011 4460 Ποσειδῶνι
1041 4392 1165 4472 τέμενος
1189 4394 1299 4477 Ἱππίῳ
1321 4394 1372 4460 aa)
1398 4397 1453 4473 την
