<?xml version="1.0" encoding="UTF-8"?>
<!DOCTYPE html PUBLIC "-//W3C//DTD XHTML 1.0 Transitional//EN"
    "http://www.w3.org/TR/xhtml1/DTD/xhtml1-transitional.dtd">
<html xmlns="http://www.w3.org/1999/xhtml" xml:lang="en" lang="en">
 <head>
  <title>
</title>
<meta http-equiv="Content-Type" content="text/html;charset=utf-8" />
  <meta name='ocr-system' content='tesseract 3.04.00' />
  <meta name='ocr-capabilities' content='ocr_page ocr_carea ocr_par ocr_line ocrx_word'/>
</head>
<body>
  <div class='ocr_page' id='page_1' title='image "./observationescr00cobegoog_0108.png"; bbox 0 0 3076 5004; ppageno 0'>
   <div class='ocr_carea' id='block_1_1' title="bbox 799 250 842 321">
    <p class='ocr_par' dir='ltr' id='par_1_1' title="bbox 799 250 842 321">
     <span class='ocr_line' id='line_1_1' title="bbox 799 250 842 321; baseline 0 0"><span class='ocrx_word' id='word_1_1' title='bbox 799 250 842 321; x_wconf 82' lang='lat'>80</span> 
     </span>
    </p>
   </div>
   <div class='ocr_carea' id='block_1_2' title="bbox 224 440 1417 742">
    <p class='ocr_par' dir='ltr' id='par_1_2' title="bbox 224 440 1417 742">
     <span class='ocr_line' id='line_1_2' title="bbox 224 440 1417 530; baseline -0.002 -20"><span class='ocrx_word' id='word_1_2' title='bbox 224 440 398 530; x_wconf 80' lang='lat' dir='ltr'>Dionysius</span> <span class='ocrx_word' id='word_1_3' title='bbox 425 461 527 526; x_wconf 88' lang='lat' dir='ltr'>noque</span> <span class='ocrx_word' id='word_1_4' title='bbox 558 441 641 506; x_wconf 86' lang='lat' dir='ltr'>alius</span> <span class='ocrx_word' id='word_1_5' title='bbox 670 445 839 528; x_wconf 85' lang='lat' dir='ltr'>quisquam</span> <span class='ocrx_word' id='word_1_6' title='bbox 869 445 948 509; x_wconf 84' lang='lat' dir='ltr'>seire</span> <span class='ocrx_word' id='word_1_7' title='bbox 976 449 1117 530; x_wconf 83' lang='lat' dir='ltr'>poterat,</span> <span class='ocrx_word' id='word_1_8' title='bbox 1142 446 1196 509; x_wconf 88' lang='lat' dir='ltr'>sed</span> <span class='ocrx_word' id='word_1_9' title='bbox 1219 447 1323 510; x_wconf 85' lang='lat' dir='ltr'>utitur</span> <span class='ocrx_word' id='word_1_10' title='bbox 1345 464 1417 530; x_wconf 86' lang='lat' dir='ltr'>per-</span> 
     </span>
     <span class='ocr_line' id='line_1_3' title="bbox 224 548 1224 636; baseline 0 -20"><span class='ocrx_word' id='word_1_11' title='bbox 224 550 359 636; x_wconf 76' lang='lat' dir='ltr'>vulgata</span> <span class='ocrx_word' id='word_1_12' title='bbox 381 554 440 612; x_wconf 81' lang='grc' dir='ltr'>σῶν</span> <span class='ocrx_word' id='word_1_13' title='bbox 465 548 731 624; x_wconf 74' lang='grc' dir='ltr'><strong><em>ε’συμολονοθντον</em></strong></span> <span class='ocrx_word' id='word_1_14' title='bbox 756 549 902 626; x_wconf 85' lang='lat' dir='ltr'>lieentia,</span> <span class='ocrx_word' id='word_1_15' title='bbox 928 571 1001 614; x_wconf 87' lang='lat' dir='ltr'>nam</span> <span class='ocrx_word' id='word_1_16' title='bbox 1026 551 1077 614; x_wconf 86' lang='lat' dir='ltr'>his</span> <span class='ocrx_word' id='word_1_17' title='bbox 1101 571 1224 636; x_wconf 87' lang='lat' dir='ltr'>quoque</span> 
     </span>
     <span class='ocr_line' id='line_1_4' title="bbox 431 653 1223 742; baseline 0.006 -26"><span class='ocrx_word' id='word_1_18' title='bbox 431 653 576 739; x_wconf 77' lang='lat' dir='ltr'><em>quidlibet</em></span> <span class='ocrx_word' id='word_1_19' title='bbox 599 655 731 719; x_wconf 79' lang='grc' dir='ltr'><strong><em>οαιίοαοθὶ</em></strong></span> <span class='ocrx_word' id='word_1_20' title='bbox 752 677 862 738; x_wconf 80' lang='lat' dir='ltr'>semper</span> <span class='ocrx_word' id='word_1_21' title='bbox 876 657 950 740; x_wconf 80' lang='lat' dir='ltr'>fait</span> <span class='ocrx_word' id='word_1_22' title='bbox 972 679 1065 742; x_wconf 83' lang='lat' dir='ltr'>oeque</span> <span class='ocrx_word' id='word_1_23' title='bbox 1079 665 1223 740; x_wconf 78' lang='lat' dir='ltr'>potestas.</span> 
     </span>
    </p>
   </div>
   <div class='ocr_carea' id='block_1_3' title="bbox 169 862 1413 1060">
    <p class='ocr_par' dir='ltr' id='par_1_3' title="bbox 169 862 1413 1060">
     <span class='ocr_line' id='line_1_5' title="bbox 269 862 1413 954; baseline -0.002 -21"><span class='ocrx_word' id='word_1_24' title='bbox 269 869 348 954; x_wconf 83' lang='lat' dir='ltr'>Pag.</span> <span class='ocrx_word' id='word_1_25' title='bbox 382 863 457 929; x_wconf 86' lang='lat'><strong>683.</strong></span> <span class='ocrx_word' id='word_1_26' title='bbox 489 873 551 935; x_wconf 81' lang='grc' dir='ltr'><strong><em>τοῖς</em></strong></span> <span class='ocrx_word' id='word_1_27' title='bbox 575 864 606 927; x_wconf 79' lang='grc' dir='ltr'>δὲ</span> <span class='ocrx_word' id='word_1_28' title='bbox 632 862 754 929; x_wconf 84' lang='grc' dir='ltr'><strong><em>ε’λοίττα</em></strong></span> <span class='ocrx_word' id='word_1_29' title='bbox 778 871 836 928; x_wconf 80' lang='grc' dir='ltr'>τῶν</span> <span class='ocrx_word' id='word_1_30' title='bbox 861 867 970 930; x_wconf 79' lang='grc' dir='ltr'><strong><em>ἱκανῶν</em></strong></span> <span class='ocrx_word' id='word_1_31' title='bbox 995 867 1269 944; x_wconf 79' lang='grc' dir='ltr'><strong><em>ΤΕΤΙΜημένοις.</em></strong></span> <span class='ocrx_word' id='word_1_32' title='bbox 1319 866 1413 931; x_wconf 86' lang='lat' dir='ltr'>Miri·</span> 
     </span>
     <span class='ocr_line' id='line_1_6' title="bbox 169 971 1290 1060; baseline -0.001 -22"><span class='ocrx_word' id='word_1_33' title='bbox 169 1043 171 1046; x_wconf 10' lang='grc' dir='ltr'><em>Α</em></span> <span class='ocrx_word' id='word_1_34' title='bbox 223 973 319 1039; x_wconf 90' lang='lat' dir='ltr'>fioum</span> <span class='ocrx_word' id='word_1_35' title='bbox 344 976 391 1040; x_wconf 89' lang='lat' dir='ltr'>est</span> <span class='ocrx_word' id='word_1_36' title='bbox 414 972 474 1036; x_wconf 88' lang='lat' dir='ltr'>hoe</span> <span class='ocrx_word' id='word_1_37' title='bbox 497 971 633 1048; x_wconf 87' lang='grc' dir='ltr'><strong><em>τίμημα.</em></strong></span> <span class='ocrx_word' id='word_1_38' title='bbox 682 971 868 1060; x_wconf 77' lang='lat' dir='ltr'>Lugendum</span> <span class='ocrx_word' id='word_1_39' title='bbox 892 973 1021 1038; x_wconf 82' lang='lat' dir='ltr'>videtur</span> <span class='ocrx_word' id='word_1_40' title='bbox 1045 974 1290 1051; x_wconf 76' lang='grc' dir='ltr'><strong><em>ΚΕΚΤημὲνοις.</em></strong></span> 
     </span>
    </p>
   </div>
   <div class='ocr_carea' id='block_1_4' title="bbox 222 1179 1416 1700">
    <p class='ocr_par' dir='ltr' id='par_1_4' title="bbox 222 1179 1416 1700">
     <span class='ocr_line' id='line_1_7' title="bbox 270 1179 1416 1268; baseline 0.002 -20"><span class='ocrx_word' id='word_1_41' title='bbox 270 1184 348 1248; x_wconf 86' lang='lat' dir='ltr'>Post</span> <span class='ocrx_word' id='word_1_42' title='bbox 378 1203 478 1267; x_wconf 80' lang='lat' dir='ltr'>paura</span> <span class='ocrx_word' id='word_1_43' title='bbox 509 1202 581 1268; x_wconf 82' lang='lat' dir='ltr'>pag.</span> <span class='ocrx_word' id='word_1_44' title='bbox 616 1179 804 1246; x_wconf 76' lang='lat' dir='ltr'>oss-685.</span> <span class='ocrx_word' id='word_1_45' title='bbox 831 1182 949 1246; x_wconf 86' lang='lat' dir='ltr'>dieitur</span> <span class='ocrx_word' id='word_1_46' title='bbox 972 1181 1102 1248; x_wconf 80' lang='lat' dir='ltr'>Servius</span> <span class='ocrx_word' id='word_1_47' title='bbox 1126 1182 1252 1248; x_wconf 77' lang='lat' dir='ltr'>Tullius</span> <span class='ocrx_word' id='word_1_48' title='bbox 1275 1183 1416 1250; x_wconf 86' lang='lat' dir='ltr'>noluisse</span> 
     </span>
     <span class='ocr_line' id='line_1_8' title="bbox 222 1287 1414 1368; baseline -0.002 -13"><span class='ocrx_word' id='word_1_49' title='bbox 222 1290 293 1362; x_wconf 82' lang='grc' dir='ltr'><strong><em>τοὺς</em></strong></span> <span class='ocrx_word' id='word_1_50' title='bbox 317 1289 410 1366; x_wconf 76' lang='grc' dir='ltr'><strong><em>μηδὲν</em></strong></span> <span class='ocrx_word' id='word_1_51' title='bbox 435 1287 714 1366; x_wconf 70' lang='grc' dir='ltr'><strong><em>συμβαλλομένους</em></strong></span> <span class='ocrx_word' id='word_1_52' title='bbox 739 1288 940 1366; x_wconf 74' lang='grc' dir='ltr'><strong><em>ερατεόεσθαι</em></strong></span> <span class='ocrx_word' id='word_1_53' title='bbox 962 1289 995 1352; x_wconf 80' lang='grc' dir='ltr'>ἑκ</span> <span class='ocrx_word' id='word_1_54' title='bbox 1014 1295 1072 1368; x_wconf 74' lang='grc' dir='ltr'>τῷν</span> <span class='ocrx_word' id='word_1_55' title='bbox 1091 1291 1258 1367; x_wconf 79' lang='grc' dir='ltr'><strong><em>οίλλοτρίων</em></strong></span> <span class='ocrx_word' id='word_1_56' title='bbox 1281 1292 1414 1368; x_wconf 79' lang='grc' dir='ltr'><strong><em>ὀψωνια-</em></strong></span> 
     </span>
     <span class='ocr_line' id='line_1_9' title="bbox 223 1391 1414 1481; baseline 0 -20"><span class='ocrx_word' id='word_1_57' title='bbox 223 1397 364 1478; x_wconf 75' lang='grc' dir='ltr'><strong><em>ζομένους</em></strong></span> <span class='ocrx_word' id='word_1_58' title='bbox 395 1394 566 1476; x_wconf 72' lang='grc' dir='ltr'><strong><em>χρημάτων</em></strong></span> <span class='ocrx_word' id='word_1_59' title='bbox 590 1391 689 1473; x_wconf 85' lang='grc' dir='ltr'><strong><em>ίόσπερ</em></strong></span> <span class='ocrx_word' id='word_1_60' title='bbox 717 1394 812 1478; x_wconf 82' lang='grc' dir='ltr'><strong><em>[τοὺς]</em></strong></span> <span class='ocrx_word' id='word_1_61' title='bbox 839 1393 1051 1475; x_wconf 75' lang='grc' dir='ltr'>μισθοφόρους.</span> <span class='ocrx_word' id='word_1_62' title='bbox 1097 1394 1190 1460; x_wconf 88' lang='lat' dir='ltr'><strong>Nulli</strong></span> <span class='ocrx_word' id='word_1_63' title='bbox 1214 1402 1303 1460; x_wconf 84' lang='lat' dir='ltr'>erant</span> <span class='ocrx_word' id='word_1_64' title='bbox 1327 1397 1414 1481; x_wconf 89' lang='lat' dir='ltr'>apud</span> 
     </span>
     <span class='ocr_line' id='line_1_10' title="bbox 222 1500 1415 1590; baseline 0 -22"><span class='ocrx_word' id='word_1_65' title='bbox 222 1503 383 1568; x_wconf 88' lang='lat' dir='ltr'>Romanos</span> <span class='ocrx_word' id='word_1_66' title='bbox 405 1502 514 1567; x_wconf 79' lang='lat' dir='ltr'>militer</span> <span class='ocrx_word' id='word_1_67' title='bbox 536 1501 726 1578; x_wconf 75' lang='lat' dir='ltr'>mercenarii,</span> <span class='ocrx_word' id='word_1_68' title='bbox 751 1501 957 1587; x_wconf 89' lang='lat' dir='ltr'>quamobrem</span> <span class='ocrx_word' id='word_1_69' title='bbox 982 1500 1155 1565; x_wconf 80' lang='lat' dir='ltr'>articulum</span> <span class='ocrx_word' id='word_1_70' title='bbox 1178 1502 1248 1574; x_wconf 81' lang='grc' dir='ltr'><strong><em>πούς</em></strong></span> <span class='ocrx_word' id='word_1_71' title='bbox 1270 1506 1415 1590; x_wconf 81' lang='lat' dir='ltr'>expungi</span> 
     </span>
     <span class='ocr_line' id='line_1_11' title="bbox 223 1614 354 1700; baseline -0.008 -25"><span class='ocrx_word' id='word_1_72' title='bbox 223 1614 354 1700; x_wconf 83' lang='lat' dir='ltr'>oportet.</span> 
     </span>
    </p>
   </div>
   <div class='ocr_carea' id='block_1_5' title="bbox 223 1816 1464 2226">
    <p class='ocr_par' dir='ltr' id='par_1_5' title="bbox 223 1816 1464 2226">
     <span class='ocr_line' id='line_1_12' title="bbox 269 1816 1415 1908; baseline -0.003 -24"><span class='ocrx_word' id='word_1_73' title='bbox 269 1821 351 1908; x_wconf 80' lang='lat' dir='ltr'>Peg.</span> <span class='ocrx_word' id='word_1_74' title='bbox 378 1818 454 1883; x_wconf 91' lang='grc'>688.</span> <span class='ocrx_word' id='word_1_75' title='bbox 487 1821 503 1892; x_wconf 78' lang='grc' dir='ltr'><em>ἡ</em></span> <span class='ocrx_word' id='word_1_76' title='bbox 529 1817 560 1881; x_wconf 82' lang='grc' dir='ltr'>δὲ</span> <span class='ocrx_word' id='word_1_77' title='bbox 584 1816 713 1893; x_wconf 78' lang='grc' dir='ltr'><strong><em>πέμπτη</em></strong></span> <span class='ocrx_word' id='word_1_78' title='bbox 738 1825 845 1892; x_wconf 73' lang='grc' dir='ltr'><strong><em>κλῆσις</em></strong></span> <span class='ocrx_word' id='word_1_79' title='bbox 869 1818 998 1904; x_wconf 60' lang='lat' dir='ltr'>(utura)</span> <span class='ocrx_word' id='word_1_80' title='bbox 1023 1819 1074 1882; x_wconf 79' lang='lat' dir='ltr'>rai</span> <span class='ocrx_word' id='word_1_81' title='bbox 1101 1821 1118 1890; x_wconf 79' lang='grc' dir='ltr'><strong><em>η</em></strong></span> <span class='ocrx_word' id='word_1_82' title='bbox 1142 1819 1312 1884; x_wconf 83' lang='grc' dir='ltr'><strong><em>τελευταία</em></strong></span> <span class='ocrx_word' id='word_1_83' title='bbox 1336 1842 1415 1899; x_wconf 91' lang='grc' dir='ltr'><strong><em>παρ-</em></strong></span> 
     </span>
     <span class='ocr_line' id='line_1_13' title="bbox 224 1923 1416 2008; baseline -0.003 -16"><span class='ocrx_word' id='word_1_84' title='bbox 224 1930 397 1992; x_wconf 85' lang='grc' dir='ltr'><strong><em>είλκονΤΟ.</em></strong></span> <span class='ocrx_word' id='word_1_85' title='bbox 446 1935 570 1989; x_wconf 79' lang='grc' dir='ltr'><strong><em>ΤΟΎπο</em></strong></span> <span class='ocrx_word' id='word_1_86' title='bbox 601 1923 636 1987; x_wconf 86' lang='grc' dir='ltr'>πθ</span> <span class='ocrx_word' id='word_1_87' title='bbox 668 1924 854 1998; x_wconf 87' lang='grc' dir='ltr'><strong><em>πολίτευμα.</em></strong></span> <span class='ocrx_word' id='word_1_88' title='bbox 902 1925 1122 2008; x_wconf 71' lang='lat' dir='ltr'>Superventura</span> <span class='ocrx_word' id='word_1_89' title='bbox 1154 1926 1303 1990; x_wconf 84' lang='lat' dir='ltr'>dicuntur</span> <span class='ocrx_word' id='word_1_90' title='bbox 1334 1950 1416 2003; x_wconf 90' lang='grc' dir='ltr'><strong><em>παρ-</em></strong></span> 
     </span>
     <span class='ocr_line' id='line_1_14' title="bbox 224 2022 1464 2119; baseline -0.003 -19"><span class='ocrx_word' id='word_1_91' title='bbox 224 2034 337 2118; x_wconf 74' lang='grc' dir='ltr'><strong><em>ἕλκειν,</em></strong></span> <span class='ocrx_word' id='word_1_92' title='bbox 371 2054 435 2098; x_wconf 92' lang='lat' dir='ltr'>non</span> <span class='ocrx_word' id='word_1_93' title='bbox 468 2031 686 2111; x_wconf 80' lang='grc' dir='ltr'><strong><em>παρέλκεσθαι.</em></strong></span> <span class='ocrx_word' id='word_1_94' title='bbox 722 2029 832 2116; x_wconf 89' lang='lat' dir='ltr'>Itaque</span> <span class='ocrx_word' id='word_1_95' title='bbox 857 2040 1020 2112; x_wconf 73' lang='grc' dir='ltr'><strong><em>παρεῖλκον</em></strong></span> <span class='ocrx_word' id='word_1_96' title='bbox 1042 2030 1227 2119; x_wconf 84' lang='lat' dir='ltr'>legendum.</span> <span class='ocrx_word' id='word_1_97' title='bbox 1261 2033 1417 2098; x_wconf 80' lang='lat' dir='ltr'><strong>Adhaesit</strong></span> <span class='ocrx_word' id='word_1_98' title='bbox 1461 2022 1464 2026; x_wconf 31' lang='lat'><strong><em>⁴</em></strong></span> 
     </span>
     <span class='ocr_line' id='line_1_15' title="bbox 223 2138 671 2226; baseline -0.013 -20"><span class='ocrx_word' id='word_1_99' title='bbox 223 2150 283 2206; x_wconf 85' lang='lat' dir='ltr'>To</span> <span class='ocrx_word' id='word_1_100' title='bbox 308 2162 347 2205; x_wconf 88' lang='lat' dir='ltr'>ex</span> <span class='ocrx_word' id='word_1_101' title='bbox 371 2138 496 2226; x_wconf 81' lang='lat' dir='ltr'><strong>syllaba</strong></span> <span class='ocrx_word' id='word_1_102' title='bbox 518 2139 671 2225; x_wconf 30' lang='lat' dir='ltr'>sequentib</span> 
     </span>
    </p>
   </div>
   <div class='ocr_carea' id='block_1_6' title="bbox 221 2346 1414 3268">
    <p class='ocr_par' dir='ltr' id='par_1_6' title="bbox 221 2346 1414 3268">
     <span class='ocr_line' id='line_1_16' title="bbox 268 2346 1412 2439; baseline 0 -23"><span class='ocrx_word' id='word_1_103' title='bbox 268 2353 347 2439; x_wconf 81' lang='lat' dir='ltr'>Pag.</span> <span class='ocrx_word' id='word_1_104' title='bbox 382 2348 457 2414; x_wconf 89' lang='grc'>688.</span> <span class='ocrx_word' id='word_1_105' title='bbox 489 2350 588 2412; x_wconf 88' lang='lat' dir='ltr'>nimis</span> <span class='ocrx_word' id='word_1_106' title='bbox 618 2346 755 2412; x_wconf 85' lang='lat' dir='ltr'>stultum</span> <span class='ocrx_word' id='word_1_107' title='bbox 792 2353 824 2411; x_wconf 85' lang='lat' dir='ltr'>et</span> <span class='ocrx_word' id='word_1_108' title='bbox 856 2347 1009 2412; x_wconf 87' lang='lat' dir='ltr'>stolidum</span> <span class='ocrx_word' id='word_1_109' title='bbox 1041 2349 1195 2434; x_wconf 89' lang='lat' dir='ltr'>populum</span> <span class='ocrx_word' id='word_1_110' title='bbox 1227 2351 1412 2416; x_wconf 87' lang='lat' dir='ltr'>Romanum</span> 
     </span>
     <span class='ocr_line' id='line_1_17' title="bbox 222 2455 1413 2545; baseline -0.001 -21"><span class='ocrx_word' id='word_1_111' title='bbox 222 2459 397 2545; x_wconf 80' lang='lat' dir='ltr'>Dionysius</span> <span class='ocrx_word' id='word_1_112' title='bbox 419 2476 485 2520; x_wconf 89' lang='lat' dir='ltr'>esse</span> <span class='ocrx_word' id='word_1_113' title='bbox 509 2455 698 2539; x_wconf 80' lang='lat' dir='ltr'>opinabatur</span> <span class='ocrx_word' id='word_1_114' title='bbox 719 2475 819 2539; x_wconf 91' lang='lat' dir='ltr'>quum</span> <span class='ocrx_word' id='word_1_115' title='bbox 839 2455 1005 2519; x_wconf 80' lang='lat' dir='ltr'><strong>scriberet:</strong></span> <span class='ocrx_word' id='word_1_116' title='bbox 1028 2455 1254 2532; x_wconf 65' lang='lat' dir='ltr'>irritatiores</span> <span class='ocrx_word' id='word_1_117' title='bbox 1274 2459 1329 2532; x_wconf 78' lang='grc' dir='ltr'>μὲν</span> <span class='ocrx_word' id='word_1_118' title='bbox 1348 2460 1413 2538; x_wconf 70' lang='grc' dir='ltr'>γὰρ</span> 
     </span>
     <span class='ocr_line' id='line_1_18' title="bbox 223 2559 1413 2643; baseline 0.001 -14"><span class='ocrx_word' id='word_1_119' title='bbox 223 2563 362 2633; x_wconf 84' lang='grc' dir='ltr'><strong><em>όόπαντες</em></strong></span> <span class='ocrx_word' id='word_1_120' title='bbox 394 2563 456 2626; x_wconf 85' lang='grc' dir='ltr'><strong><em>ίσον</em></strong></span> <span class='ocrx_word' id='word_1_121' title='bbox 489 2559 573 2639; x_wconf 77' lang='grc' dir='ltr'><strong><em>ἔχειν</em></strong></span> <span class='ocrx_word' id='word_1_122' title='bbox 606 2568 661 2634; x_wconf 79' lang='grc' dir='ltr'><strong><em>τῆς</em></strong></span> <span class='ocrx_word' id='word_1_123' title='bbox 690 2561 849 2631; x_wconf 74' lang='grc' dir='ltr'><strong><em>πολιτείοις</em></strong></span> <span class='ocrx_word' id='word_1_124' title='bbox 874 2561 961 2639; x_wconf 88' lang='grc' dir='ltr'><strong><em>με’ρος</em></strong></span> <span class='ocrx_word' id='word_1_125' title='bbox 986 2564 1058 2625; x_wconf 89' lang='grc' dir='ltr'><strong><em>κατ’</em></strong></span> <span class='ocrx_word' id='word_1_126' title='bbox 1082 2560 1177 2640; x_wconf 77' lang='grc' dir='ltr'><strong><em>ἄνδρα</em></strong></span> <span class='ocrx_word' id='word_1_127' title='bbox 1201 2564 1413 2643; x_wconf 75' lang='grc' dir='ltr'><strong><em>διερωτώμενοι</em></strong></span> 
     </span>
     <span class='ocr_line' id='line_1_19' title="bbox 222 2661 1414 2754; baseline 0.005 -23"><span class='ocrx_word' id='word_1_128' title='bbox 222 2673 282 2744; x_wconf 74' lang='grc' dir='ltr'>τὰς</span> <span class='ocrx_word' id='word_1_129' title='bbox 314 2671 441 2749; x_wconf 70' lang='grc' dir='ltr'><strong><em>γνώμας</em></strong></span> <span class='ocrx_word' id='word_1_130' title='bbox 473 2669 503 2730; x_wconf 84' lang='grc' dir='ltr'>ἕν</span> <span class='ocrx_word' id='word_1_131' title='bbox 536 2673 599 2738; x_wconf 81' lang='grc' dir='ltr'><strong><em>τοῖς</em></strong></span> <span class='ocrx_word' id='word_1_132' title='bbox 635 2665 716 2739; x_wconf 78' lang='grc' dir='ltr'><strong><em>ἰδίοις</em></strong></span> <span class='ocrx_word' id='word_1_133' title='bbox 748 2661 851 2734; x_wconf 64' lang='lat' dir='ltr'>isaer</span> <span class='ocrx_word' id='word_1_134' title='bbox 881 2668 995 2747; x_wconf 79' lang='grc' dir='ltr'><strong><em>λόχοις.</em></strong></span> <span class='ocrx_word' id='word_1_135' title='bbox 1044 2668 1214 2754; x_wconf 85' lang='lat' dir='ltr'>Perperam</span> <span class='ocrx_word' id='word_1_136' title='bbox 1250 2674 1348 2737; x_wconf 86' lang='lat' dir='ltr'>etiam</span> <span class='ocrx_word' id='word_1_137' title='bbox 1380 2680 1414 2737; x_wconf 87' lang='lat' dir='ltr'>et</span> 
     </span>
     <span class='ocr_line' id='line_1_20' title="bbox 221 2773 1412 2853; baseline -0.001 -9"><span class='ocrx_word' id='word_1_138' title='bbox 221 2779 275 2844; x_wconf 87' lang='lat' dir='ltr'>hio</span> <span class='ocrx_word' id='word_1_139' title='bbox 308 2782 341 2842; x_wconf 86' lang='lat' dir='ltr'>et</span> <span class='ocrx_word' id='word_1_140' title='bbox 375 2774 447 2840; x_wconf 84' lang='lat' dir='ltr'>aliie</span> <span class='ocrx_word' id='word_1_141' title='bbox 474 2773 553 2838; x_wconf 86' lang='lat' dir='ltr'>loois</span> <span class='ocrx_word' id='word_1_142' title='bbox 584 2773 666 2836; x_wconf 83' lang='lat' dir='ltr'>dixit</span> <span class='ocrx_word' id='word_1_143' title='bbox 698 2773 829 2853; x_wconf 74' lang='grc' dir='ltr'><strong><em>ἐρατᾶν,</em></strong></span> <span class='ocrx_word' id='word_1_144' title='bbox 863 2773 1023 2852; x_wconf 76' lang='grc' dir='ltr'><strong><em>διερυτῖιν,</em></strong></span> <span class='ocrx_word' id='word_1_145' title='bbox 1066 2775 1319 2841; x_wconf 75' lang='grc' dir='ltr'><strong><em>διαπυνθάνεσθαι</em></strong></span> <span class='ocrx_word' id='word_1_146' title='bbox 1352 2780 1412 2852; x_wconf 79' lang='grc' dir='ltr'><strong><em>σόος</em></strong></span> 
     </span>
     <span class='ocr_line' id='line_1_21' title="bbox 222 2879 1412 2964; baseline 0.002 -17"><span class='ocrx_word' id='word_1_147' title='bbox 222 2884 350 2961; x_wconf 75' lang='grc' dir='ltr'><strong><em>γνώμας</em></strong></span> <span class='ocrx_word' id='word_1_148' title='bbox 381 2879 543 2945; x_wconf 76' lang='lat' dir='ltr'>sententiar</span> <span class='ocrx_word' id='word_1_149' title='bbox 566 2902 686 2960; x_wconf 81' lang='grc' dir='ltr'><strong><em>ιορονο,</em></strong></span> <span class='ocrx_word' id='word_1_150' title='bbox 707 2902 867 2962; x_wconf 74' lang='lat' dir='ltr'>perrepere</span> <span class='ocrx_word' id='word_1_151' title='bbox 890 2879 928 2945; x_wconf 91' lang='lat' dir='ltr'>de</span> <span class='ocrx_word' id='word_1_152' title='bbox 950 2882 991 2944; x_wconf 90' lang='lat' dir='ltr'>iis</span> <span class='ocrx_word' id='word_1_153' title='bbox 1015 2883 1070 2964; x_wconf 90' lang='lat' dir='ltr'>qui</span> <span class='ocrx_word' id='word_1_154' title='bbox 1092 2885 1268 2947; x_wconf 89' lang='lat' dir='ltr'>mittuntur</span> <span class='ocrx_word' id='word_1_155' title='bbox 1290 2886 1324 2947; x_wconf 91' lang='lat' dir='ltr'>in</span> <span class='ocrx_word' id='word_1_156' title='bbox 1348 2887 1412 2950; x_wconf 86' lang='lat' dir='ltr'>suf·</span> 
     </span>
     <span class='ocr_line' id='line_1_22' title="bbox 221 2972 1414 3077; baseline 0.001 -22"><span class='ocrx_word' id='word_1_157' title='bbox 221 2991 373 3077; x_wconf 83' lang='lat' dir='ltr'>fragium.</span> <span class='ocrx_word' id='word_1_158' title='bbox 408 2986 491 3052; x_wconf 80' lang='lat' dir='ltr'>Sunt</span> <span class='ocrx_word' id='word_1_159' title='bbox 514 2989 598 3052; x_wconf 89' lang='lat' dir='ltr'>enim</span> <span class='ocrx_word' id='word_1_160' title='bbox 622 2987 700 3050; x_wconf 88' lang='lat' dir='ltr'>haee</span> <span class='ocrx_word' id='word_1_161' title='bbox 722 2985 819 3050; x_wconf 87' lang='lat' dir='ltr'>verba</span> <span class='ocrx_word' id='word_1_162' title='bbox 844 2985 975 3068; x_wconf 79' lang='lat' dir='ltr'>Curiae,</span> <span class='ocrx_word' id='word_1_163' title='bbox 996 2972 1058 3050; x_wconf 85' lang='lat' dir='ltr'>non</span> <span class='ocrx_word' id='word_1_164' title='bbox 1082 2988 1278 3053; x_wconf 69' lang='lat' dir='ltr'>comitiorum.</span> <span class='ocrx_word' id='word_1_165' title='bbox 1322 2991 1414 3070; x_wconf 81' lang='lat' dir='ltr'>Quod</span> 
     </span>
     <span class='ocr_line' id='line_1_23' title="bbox 223 3090 1413 3173; baseline 0 -11"><span class='ocrx_word' id='word_1_166' title='bbox 223 3103 332 3163; x_wconf 87' lang='lat' dir='ltr'>autem</span> <span class='ocrx_word' id='word_1_167' title='bbox 364 3095 454 3161; x_wconf 83' lang='lat' dir='ltr'>addit</span> <span class='ocrx_word' id='word_1_168' title='bbox 484 3094 514 3157; x_wconf 82' lang='grc' dir='ltr'>ἕν</span> <span class='ocrx_word' id='word_1_169' title='bbox 542 3099 604 3166; x_wconf 78' lang='grc' dir='ltr'><strong><em>τοῖς</em></strong></span> <span class='ocrx_word' id='word_1_170' title='bbox 638 3093 706 3156; x_wconf 88' lang='grc' dir='ltr'><strong><em>καθ’</em></strong></span> <span class='ocrx_word' id='word_1_171' title='bbox 731 3094 814 3168; x_wconf 71' lang='grc' dir='ltr'><strong><em>ἡμᾶς</em></strong></span> <span class='ocrx_word' id='word_1_172' title='bbox 836 3091 991 3166; x_wconf 70' lang='grc' dir='ltr'><strong><em>κεκίνηται</em></strong></span> <span class='ocrx_word' id='word_1_173' title='bbox 1019 3090 1135 3173; x_wconf 76' lang='grc' dir='ltr'><strong><em>χρόνοις</em></strong></span> <span class='ocrx_word' id='word_1_174' title='bbox 1159 3115 1233 3159; x_wconf 90' lang='lat' dir='ltr'>eum</span> <span class='ocrx_word' id='word_1_175' title='bbox 1258 3096 1296 3160; x_wconf 87' lang='lat' dir='ltr'>de</span> <span class='ocrx_word' id='word_1_176' title='bbox 1320 3118 1413 3163; x_wconf 82' lang='lat' dir='ltr'>aare</span> 
     </span>
     <span class='ocr_line' id='line_1_24' title="bbox 222 3198 583 3268; baseline -0.011 0"><span class='ocrx_word' id='word_1_177' title='bbox 222 3202 306 3268; x_wconf 89' lang='lat' dir='ltr'><strong>nihil</strong></span> <span class='ocrx_word' id='word_1_178' title='bbox 329 3202 409 3265; x_wconf 87' lang='lat' dir='ltr'>seire</span> <span class='ocrx_word' id='word_1_179' title='bbox 433 3198 583 3267; x_wconf 80' lang='lat' dir='ltr'>ostendit.</span> 
     </span>
    </p>
   </div>
   <div class='ocr_carea' id='block_1_7' title="bbox 223 3403 1414 3812">
    <p class='ocr_par' dir='ltr' id='par_1_7' title="bbox 223 3403 1414 3812">
     <span class='ocr_line' id='line_1_25' title="bbox 267 3403 1412 3497; baseline 0.005 -22"><span class='ocrx_word' id='word_1_180' title='bbox 267 3410 347 3497; x_wconf 80' lang='lat' dir='ltr'>Pag.</span> <span class='ocrx_word' id='word_1_181' title='bbox 379 3408 456 3474; x_wconf 83' lang='lat'>691.</span> <span class='ocrx_word' id='word_1_182' title='bbox 491 3411 522 3472; x_wconf 83' lang='grc' dir='ltr'>ἒν</span> <span class='ocrx_word' id='word_1_183' title='bbox 549 3403 599 3478; x_wconf 80' lang='grc' dir='ltr'><strong><em>αἷς</em></strong></span> <span class='ocrx_word' id='word_1_184' title='bbox 625 3408 772 3494; x_wconf 78' lang='lat' dir='ltr'>(tribubus</span> <span class='ocrx_word' id='word_1_185' title='bbox 794 3407 930 3494; x_wconf 78' lang='lat' dir='ltr'>urbanis)</span> <span class='ocrx_word' id='word_1_186' title='bbox 956 3409 1008 3473; x_wconf 78' lang='grc' dir='ltr'>καί</span> <span class='ocrx_word' id='word_1_187' title='bbox 1033 3410 1128 3489; x_wconf 72' lang='grc' dir='ltr'><strong><em>μέχρι</em></strong></span> <span class='ocrx_word' id='word_1_188' title='bbox 1152 3418 1210 3476; x_wconf 80' lang='grc' dir='ltr'>τῶν</span> <span class='ocrx_word' id='word_1_189' title='bbox 1234 3414 1302 3477; x_wconf 93' lang='grc' dir='ltr'><strong><em>καθ’</em></strong></span> <span class='ocrx_word' id='word_1_190' title='bbox 1327 3417 1412 3491; x_wconf 71' lang='grc' dir='ltr'><strong><em>ἡμᾶς</em></strong></span> 
     </span>
     <span class='ocr_line' id='line_1_26' title="bbox 223 3513 1414 3599; baseline 0.006 -19"><span class='ocrx_word' id='word_1_191' title='bbox 223 3517 338 3599; x_wconf 82' lang='grc' dir='ltr'><strong><em>χρόνον</em></strong></span> <span class='ocrx_word' id='word_1_192' title='bbox 368 3513 559 3594; x_wconf 83' lang='grc' dir='ltr'><strong><em>ταττόμενον</em></strong></span> <span class='ocrx_word' id='word_1_193' title='bbox 589 3513 727 3579; x_wconf 70' lang='grc' dir='ltr'><strong><em>διετέλει</em></strong></span> <span class='ocrx_word' id='word_1_194' title='bbox 760 3515 795 3578; x_wconf 83' lang='grc' dir='ltr'>πό</span> <span class='ocrx_word' id='word_1_195' title='bbox 831 3513 1090 3595; x_wconf 76' lang='grc' dir='ltr'><strong><em>ε’ἓελευθεροιτικόν</em></strong></span> <span class='ocrx_word' id='word_1_196' title='bbox 1125 3523 1232 3599; x_wconf 79' lang='grc' dir='ltr'><strong><em>φῦλον.</em></strong></span> <span class='ocrx_word' id='word_1_197' title='bbox 1281 3520 1414 3587; x_wconf 83' lang='lat' dir='ltr'>Dixerat</span> 
     </span>
     <span class='ocr_line' id='line_1_27' title="bbox 223 3618 1411 3709; baseline 0.001 -19"><span class='ocrx_word' id='word_1_198' title='bbox 223 3625 384 3703; x_wconf 81' lang='grc' dir='ltr'><strong><em>διΑσελεῖ,</em></strong></span> <span class='ocrx_word' id='word_1_199' title='bbox 410 3628 448 3688; x_wconf 92' lang='lat' dir='ltr'>ut</span> <span class='ocrx_word' id='word_1_200' title='bbox 469 3642 544 3709; x_wconf 82' lang='lat' dir='ltr'>pag.</span> <span class='ocrx_word' id='word_1_201' title='bbox 569 3618 646 3684; x_wconf 82' lang='lat'>695.</span> <span class='ocrx_word' id='word_1_202' title='bbox 672 3621 724 3684; x_wconf 79' lang='lat' dir='ltr'>rai</span> <span class='ocrx_word' id='word_1_203' title='bbox 747 3620 841 3699; x_wconf 80' lang='grc' dir='ltr'><strong><em>μέχρι</em></strong></span> <span class='ocrx_word' id='word_1_204' title='bbox 860 3626 918 3685; x_wconf 82' lang='grc' dir='ltr'>τῶν</span> <span class='ocrx_word' id='word_1_205' title='bbox 937 3625 1004 3686; x_wconf 84' lang='grc' dir='ltr'><strong><em>καθ’</em></strong></span> <span class='ocrx_word' id='word_1_206' title='bbox 1026 3627 1109 3699; x_wconf 70' lang='grc' dir='ltr'><strong><em>ἡμεῖς</em></strong></span> <span class='ocrx_word' id='word_1_207' title='bbox 1129 3625 1242 3704; x_wconf 81' lang='grc' dir='ltr'><strong><em>χρόνον</em></strong></span> <span class='ocrx_word' id='word_1_208' title='bbox 1257 3669 1296 3690; x_wconf 47' lang='lat'>.-</span> <span class='ocrx_word' id='word_1_209' title='bbox 1313 3627 1411 3691; x_wconf 83' lang='grc' dir='ltr'><strong><em>διασε-</em></strong></span> 
     </span>
     <span class='ocr_line' id='line_1_28' title="bbox 223 3727 1411 3812; baseline 0.003 -16"><span class='ocrx_word' id='word_1_210' title='bbox 223 3741 276 3797; x_wconf 84' lang='grc' dir='ltr'><strong><em>λεῖ</em></strong></span> <span class='ocrx_word' id='word_1_211' title='bbox 292 3731 376 3795; x_wconf 83' lang='grc' dir='ltr'><strong><em>τοῦτ’</em></strong></span> <span class='ocrx_word' id='word_1_212' title='bbox 397 3732 427 3794; x_wconf 84' lang='grc' dir='ltr'>ἐν</span> <span class='ocrx_word' id='word_1_213' title='bbox 447 3738 486 3812; x_wconf 69' lang='grc' dir='ltr'>τῇ</span> <span class='ocrx_word' id='word_1_214' title='bbox 507 3727 594 3792; x_wconf 86' lang='grc' dir='ltr'><strong><em>πόλει</em></strong></span> <span class='ocrx_word' id='word_1_215' title='bbox 613 3728 862 3809; x_wconf 82' lang='grc' dir='ltr'><strong><em>φυλαττόμενον.</em></strong></span> <span class='ocrx_word' id='word_1_216' title='bbox 885 3732 980 3794; x_wconf 87' lang='lat' dir='ltr'>etsie</span> <span class='ocrx_word' id='word_1_217' title='bbox 1001 3738 1179 3796; x_wconf 83' lang='lat' dir='ltr'>constanter</span> <span class='ocrx_word' id='word_1_218' title='bbox 1197 3735 1232 3796; x_wconf 91' lang='lat' dir='ltr'>in</span> <span class='ocrx_word' id='word_1_219' title='bbox 1252 3755 1285 3799; x_wconf 87' lang='lat' dir='ltr'>ro</span> <span class='ocrx_word' id='word_1_220' title='bbox 1300 3737 1411 3800; x_wconf 82' lang='lat' dir='ltr'><strong>simili.</strong></span> 
     </span>
    </p>
   </div>
   <div class='ocr_carea' id='block_1_8' title="bbox 204 3932 1414 4454">
    <p class='ocr_par' dir='ltr' id='par_1_8' title="bbox 204 3932 1414 4235">
     <span class='ocr_line' id='line_1_29' title="bbox 268 3932 1414 4028; baseline 0.007 -27"><span class='ocrx_word' id='word_1_221' title='bbox 268 3942 347 4028; x_wconf 79' lang='lat' dir='ltr'>Pag.</span> <span class='ocrx_word' id='word_1_222' title='bbox 382 3936 458 4002; x_wconf 84' lang='lat'>695.</span> <span class='ocrx_word' id='word_1_223' title='bbox 488 3932 595 4000; x_wconf 74' lang='grc' dir='ltr'><strong><em>πολλοὶ</em></strong></span> <span class='ocrx_word' id='word_1_224' title='bbox 632 3938 891 4018; x_wconf 75' lang='grc' dir='ltr'><strong><em>ὠφεληθήσεσθαι.</em></strong></span> <span class='ocrx_word' id='word_1_225' title='bbox 940 3938 1119 4005; x_wconf 87' lang='lat' dir='ltr'>Utebantur</span> <span class='ocrx_word' id='word_1_226' title='bbox 1154 3947 1186 4006; x_wconf 88' lang='lat' dir='ltr'>et</span> <span class='ocrx_word' id='word_1_227' title='bbox 1219 3942 1347 4008; x_wconf 83' lang='lat' dir='ltr'>Veteres</span> <span class='ocrx_word' id='word_1_228' title='bbox 1381 3950 1414 4008; x_wconf 84' lang='lat' dir='ltr'>et</span> 
     </span>
     <span class='ocr_line' id='line_1_30' title="bbox 204 4044 1414 4132; baseline 0.002 -20"><span class='ocrx_word' id='word_1_229' title='bbox 204 4047 376 4114; x_wconf 77' lang='lat' dir='ltr'>¹Veterum</span> <span class='ocrx_word' id='word_1_230' title='bbox 397 4047 575 4109; x_wconf 87' lang='lat' dir='ltr'>imitatores</span> <span class='ocrx_word' id='word_1_231' title='bbox 598 4044 741 4111; x_wconf 81' lang='lat' dir='ltr'>breviore</span> <span class='ocrx_word' id='word_1_232' title='bbox 765 4047 868 4112; x_wconf 86' lang='lat' dir='ltr'>forma</span> <span class='ocrx_word' id='word_1_233' title='bbox 892 4047 1123 4128; x_wconf 70' lang='grc' dir='ltr'><strong><em>ὠφελήσεσθαι,</em></strong></span> <span class='ocrx_word' id='word_1_234' title='bbox 1151 4069 1247 4132; x_wconf 87' lang='lat' dir='ltr'>quam</span> <span class='ocrx_word' id='word_1_235' title='bbox 1275 4053 1414 4116; x_wconf 82' lang='lat' dir='ltr'>servavit</span> 
     </span>
     <span class='ocr_line' id='line_1_31' title="bbox 223 4151 715 4235; baseline -0.004 -16"><span class='ocrx_word' id='word_1_236' title='bbox 223 4154 361 4219; x_wconf 89' lang='lat' dir='ltr'>Urbinas</span> <span class='ocrx_word' id='word_1_237' title='bbox 385 4151 439 4216; x_wconf 85' lang='lat' dir='ltr'>sed</span> <span class='ocrx_word' id='word_1_238' title='bbox 462 4151 574 4215; x_wconf 77' lang='lat' dir='ltr'>Editor</span> <span class='ocrx_word' id='word_1_239' title='bbox 594 4155 715 4235; x_wconf 86' lang='lat' dir='ltr'>sprevit</span> 
     </span>
    </p>

    <p class='ocr_par' dir='ltr' id='par_1_9' title="bbox 224 4257 1412 4454">
     <span class='ocr_line' id='line_1_32' title="bbox 269 4257 1412 4347; baseline 0.003 -24"><span class='ocrx_word' id='word_1_240' title='bbox 269 4257 323 4323; x_wconf 75' lang='grc' dir='ltr'>Βία</span> <span class='ocrx_word' id='word_1_241' title='bbox 354 4259 431 4323; x_wconf 90' lang='lat' dir='ltr'>alibi</span> <span class='ocrx_word' id='word_1_242' title='bbox 462 4259 717 4336; x_wconf 76' lang='grc' dir='ltr'><strong><em>ε’ναντιωθήσομαι</em></strong></span> <span class='ocrx_word' id='word_1_243' title='bbox 741 4259 863 4347; x_wconf 81' lang='lat' dir='ltr'>legitur</span> <span class='ocrx_word' id='word_1_244' title='bbox 885 4280 941 4344; x_wconf 89' lang='lat' dir='ltr'>pro</span> <span class='ocrx_word' id='word_1_245' title='bbox 967 4261 1206 4346; x_wconf 78' lang='grc' dir='ltr'><strong><em>ἐναντιώσομαι,</em></strong></span> <span class='ocrx_word' id='word_1_246' title='bbox 1232 4268 1264 4327; x_wconf 85' lang='lat' dir='ltr'>et</span> <span class='ocrx_word' id='word_1_247' title='bbox 1287 4265 1412 4341; x_wconf 84' lang='grc' dir='ltr'><strong><em>τιμηθη·</em></strong></span> 
     </span>
     <span class='ocr_line' id='line_1_33' title="bbox 224 4363 1203 4454; baseline 0 -22"><span class='ocrx_word' id='word_1_248' title='bbox 224 4389 319 4444; x_wconf 86' lang='grc' dir='ltr'><strong><em>σομαι</em></strong></span> <span class='ocrx_word' id='word_1_249' title='bbox 343 4369 375 4430; x_wconf 90' lang='lat' dir='ltr'>et</span> <span class='ocrx_word' id='word_1_250' title='bbox 398 4363 625 4444; x_wconf 74' lang='grc' dir='ltr'><strong><em>ζημιωθήσομαι</em></strong></span> <span class='ocrx_word' id='word_1_251' title='bbox 651 4371 682 4431; x_wconf 90' lang='lat' dir='ltr'>ot</span> <span class='ocrx_word' id='word_1_252' title='bbox 705 4366 827 4433; x_wconf 85' lang='lat' dir='ltr'>similia</span> <span class='ocrx_word' id='word_1_253' title='bbox 849 4367 900 4431; x_wconf 86' lang='lat' dir='ltr'>his</span> <span class='ocrx_word' id='word_1_254' title='bbox 923 4368 1079 4451; x_wconf 88' lang='lat' dir='ltr'>quaedam</span> <span class='ocrx_word' id='word_1_255' title='bbox 1102 4368 1203 4454; x_wconf 89' lang='lat' dir='ltr'>plura.</span> 
     </span>
    </p>
   </div>
   <div class='ocr_carea' id='block_1_9' title="bbox 0 0 1542 5004">
    <p class='ocr_par' dir='ltr' id='par_1_10' title="bbox 0 0 1542 5004">
     <span class='ocr_line' id='line_1_34' title="bbox 0 0 1542 5004; baseline 0 0"><span class='ocrx_word' id='word_1_256' title='bbox 0 0 1542 5004; x_wconf 95' lang='lat' dir='ltr'> </span> 
     </span>
    </p>
   </div>
  </div>
 </body>
</html>
