<?xml version="1.0" encoding="UTF-8"?>
<!DOCTYPE html PUBLIC "-//W3C//DTD XHTML 1.0 Transitional//EN"
    "http://www.w3.org/TR/xhtml1/DTD/xhtml1-transitional.dtd">
<html xmlns="http://www.w3.org/1999/xhtml" xml:lang="en" lang="en">
 <head>
  <title>
</title>
<meta http-equiv="Content-Type" content="text/html;charset=utf-8" />
  <meta name='ocr-system' content='tesseract 3.04.00' />
  <meta name='ocr-capabilities' content='ocr_page ocr_carea ocr_par ocr_line ocrx_word'/>
</head>
<body>
  <div class='ocr_page' id='page_1' title='image "./observationescr00cobegoog_0228.png"; bbox 0 0 3076 5004; ppageno 0'>
   <div class='ocr_carea' id='block_1_1' title="bbox 788 204 855 295">
    <p class='ocr_par' dir='ltr' id='par_1_1' title="bbox 788 204 855 295">
     <span class='ocr_line' id='line_1_1' title="bbox 788 204 855 295; baseline -0.015 -1"><span class='ocrx_word' id='word_1_1' title='bbox 788 204 855 295; x_wconf 76' lang='grc'><em>200</em></span> 
     </span>
    </p>
   </div>
   <div class='ocr_carea' id='block_1_2' title="bbox 229 401 1419 920">
    <p class='ocr_par' dir='ltr' id='par_1_2' title="bbox 229 401 1419 920">
     <span class='ocr_line' id='line_1_2' title="bbox 274 401 1418 504; baseline -0.003 -24"><span class='ocrx_word' id='word_1_2' title='bbox 274 410 354 504; x_wconf 79' lang='lat' dir='ltr'>Peg.</span> <span class='ocrx_word' id='word_1_3' title='bbox 386 409 487 484; x_wconf 80' lang='grc'><strong>2127.</strong></span> <span class='ocrx_word' id='word_1_4' title='bbox 520 413 679 482; x_wconf 81' lang='lat' dir='ltr'>Romilius</span> <span class='ocrx_word' id='word_1_5' title='bbox 702 417 742 483; x_wconf 84' lang='lat' dir='ltr'><em>ad</em></span> <span class='ocrx_word' id='word_1_6' title='bbox 755 418 914 504; x_wconf 79' lang='lat' dir='ltr'>patricios</span> <span class='ocrx_word' id='word_1_7' title='bbox 936 418 983 482; x_wconf 84' lang='lat' dir='ltr'>ita</span> <span class='ocrx_word' id='word_1_8' title='bbox 1006 416 1103 482; x_wconf 87' lang='lat' dir='ltr'>dioit:</span> <span class='ocrx_word' id='word_1_9' title='bbox 1128 409 1261 488; x_wconf 81' lang='grc' dir='ltr'><em>πολλοὺς</em></span> <span class='ocrx_word' id='word_1_10' title='bbox 1285 401 1340 488; x_wconf 64' lang='grc' dir='ltr'><em>ἤδη</em></span> <span class='ocrx_word' id='word_1_11' title='bbox 1365 402 1418 477; x_wconf 73' lang='grc' dir='ltr'><em>τίν</em></span> 
     </span>
     <span class='ocr_line' id='line_1_3' title="bbox 230 520 1416 606; baseline -0.005 -18"><span class='ocrx_word' id='word_1_12' title='bbox 230 521 303 604; x_wconf 72' lang='grc' dir='ltr'><em>ὑπὲρ</em></span> <span class='ocrx_word' id='word_1_13' title='bbox 337 522 418 602; x_wconf 81' lang='grc' dir='ltr'><em>ὑμῶν</em></span> <span class='ocrx_word' id='word_1_14' title='bbox 449 523 557 601; x_wconf 71' lang='grc' dir='ltr'><em>ἀγῶνα</em></span> <span class='ocrx_word' id='word_1_15' title='bbox 590 524 781 606; x_wconf 70' lang='grc' dir='ltr'><em>αἱρουμένους</em></span> <span class='ocrx_word' id='word_1_16' title='bbox 806 522 971 604; x_wconf 78' lang='grc' dir='ltr'><em>περιείδετε</em></span> <span class='ocrx_word' id='word_1_17' title='bbox 995 520 1250 606; x_wconf 83' lang='grc' dir='ltr'><em>ἀναρτασίὲντας</em></span> <span class='ocrx_word' id='word_1_18' title='bbox 1276 520 1334 585; x_wconf 80' lang='grc' dir='ltr'><em>ὑπὸ</em></span> <span class='ocrx_word' id='word_1_19' title='bbox 1360 522 1416 583; x_wconf 79' lang='grc' dir='ltr'><em>τοῦ</em></span> 
     </span>
     <span class='ocr_line' id='line_1_4' title="bbox 230 627 1419 707; baseline -0.003 -14"><span class='ocrx_word' id='word_1_20' title='bbox 230 627 327 706; x_wconf 73' lang='grc' dir='ltr'><em>δήμου</em></span> <span class='ocrx_word' id='word_1_21' title='bbox 357 638 420 703; x_wconf 82' lang='grc' dir='ltr'><em>τοῖς</em></span> <span class='ocrx_word' id='word_1_22' title='bbox 444 627 627 707; x_wconf 73' lang='grc' dir='ltr'><em>ἀναγκαίοις</em></span> <span class='ocrx_word' id='word_1_23' title='bbox 651 627 800 706; x_wconf 81' lang='grc' dir='ltr'><em>είξαντες.</em></span> <span class='ocrx_word' id='word_1_24' title='bbox 847 629 918 696; x_wconf 93' lang='lat' dir='ltr'><em>Duo</em></span> <span class='ocrx_word' id='word_1_25' title='bbox 940 632 975 694; x_wconf 94' lang='lat' dir='ltr'><em>in</em></span> <span class='ocrx_word' id='word_1_26' title='bbox 999 630 1050 694; x_wconf 91' lang='lat' dir='ltr'><em>his</em></span> <span class='ocrx_word' id='word_1_27' title='bbox 1073 629 1243 696; x_wconf 81' lang='lat' dir='ltr'>manifesta</span> <span class='ocrx_word' id='word_1_28' title='bbox 1265 628 1348 695; x_wconf 79' lang='lat' dir='ltr'>vitia</span> <span class='ocrx_word' id='word_1_29' title='bbox 1369 627 1419 690; x_wconf 88' lang='lat' dir='ltr'><em>in·</em></span> 
     </span>
     <span class='ocr_line' id='line_1_5' title="bbox 230 733 1418 820; baseline -0.003 -20"><span class='ocrx_word' id='word_1_30' title='bbox 230 738 322 800; x_wconf 84' lang='lat' dir='ltr'>sunt:</span> <span class='ocrx_word' id='word_1_31' title='bbox 357 733 549 817; x_wconf 77' lang='grc' dir='ltr'><em>αἱρουμένους</em></span> <span class='ocrx_word' id='word_1_32' title='bbox 584 755 640 820; x_wconf 86' lang='lat' dir='ltr'><em>pro</em></span> <span class='ocrx_word' id='word_1_33' title='bbox 675 737 844 818; x_wconf 80' lang='grc' dir='ltr'><em>ἀραμένους</em></span> <span class='ocrx_word' id='word_1_34' title='bbox 879 741 912 801; x_wconf 94' lang='lat' dir='ltr'><em>et</em></span> <span class='ocrx_word' id='word_1_35' title='bbox 943 743 1006 808; x_wconf 86' lang='grc' dir='ltr'><em>τοῖς</em></span> <span class='ocrx_word' id='word_1_36' title='bbox 1038 734 1221 814; x_wconf 73' lang='grc' dir='ltr'><em>ἀναγκαίοις</em></span> <span class='ocrx_word' id='word_1_37' title='bbox 1255 753 1312 820; x_wconf 87' lang='lat' dir='ltr'><em>pro</em></span> <span class='ocrx_word' id='word_1_38' title='bbox 1344 738 1418 803; x_wconf 82' lang='grc' dir='ltr'><em>ταῖς</em></span> 
     </span>
     <span class='ocr_line' id='line_1_6' title="bbox 229 839 393 920; baseline 0 -15"><span class='ocrx_word' id='word_1_39' title='bbox 229 839 393 920; x_wconf 73' lang='grc' dir='ltr'><em>ἀνάνκαις.</em></span> 
     </span>
    </p>
   </div>
   <div class='ocr_carea' id='block_1_3' title="bbox 227 1048 1417 1332">
    <p class='ocr_par' dir='ltr' id='par_1_3' title="bbox 227 1048 1417 1332">
     <span class='ocr_line' id='line_1_7' title="bbox 273 1048 1417 1138; baseline -0.004 -20"><span class='ocrx_word' id='word_1_40' title='bbox 273 1051 437 1138; x_wconf 76' lang='lat' dir='ltr'>Sequitur:</span> <span class='ocrx_word' id='word_1_41' title='bbox 463 1049 637 1131; x_wconf 74' lang='grc' dir='ltr'><em>ἐβουλόμην</em></span> <span class='ocrx_word' id='word_1_42' title='bbox 650 1048 685 1116; x_wconf 80' lang='grc' dir='ltr'><em>’δ’</em></span> <span class='ocrx_word' id='word_1_43' title='bbox 710 1050 748 1117; x_wconf 79' lang='grc' dir='ltr'><em>ἀν</em></span> <span class='ocrx_word' id='word_1_44' title='bbox 770 1050 897 1130; x_wconf 81' lang='grc' dir='ltr'><em>μάλιςα</em></span> <span class='ocrx_word' id='word_1_45' title='bbox 911 1088 952 1101; x_wconf 85' lang='grc'>-</span> <span class='ocrx_word' id='word_1_46' title='bbox 966 1052 1069 1128; x_wconf 70' lang='grc' dir='ltr'><em>ἐπειδὴ</em></span> <span class='ocrx_word' id='word_1_47' title='bbox 1094 1051 1137 1118; x_wconf 74' lang='grc' dir='ltr'><em>δέ.</em></span> <span class='ocrx_word' id='word_1_48' title='bbox 1173 1049 1417 1137; x_wconf 66' lang='lat' dir='ltr'>supplendum:</span> 
     </span>
     <span class='ocr_line' id='line_1_8' title="bbox 227 1156 1417 1245; baseline -0.003 -22"><span class='ocrx_word' id='word_1_49' title='bbox 227 1157 352 1235; x_wconf 80' lang='grc' dir='ltr'><em>μάλιςα</em></span> <span class='ocrx_word' id='word_1_50' title='bbox 376 1156 475 1244; x_wconf 78' lang='grc' dir='ltr'><em>(μέν),</em></span> <span class='ocrx_word' id='word_1_51' title='bbox 498 1163 537 1222; x_wconf 92' lang='lat' dir='ltr'>ut</span> <span class='ocrx_word' id='word_1_52' title='bbox 558 1178 682 1244; x_wconf 83' lang='lat' dir='ltr'>semper</span> <span class='ocrx_word' id='word_1_53' title='bbox 705 1178 814 1225; x_wconf 89' lang='lat' dir='ltr'>omnes</span> <span class='ocrx_word' id='word_1_54' title='bbox 836 1161 867 1224; x_wconf 93' lang='lat' dir='ltr'><em>in</em></span> <span class='ocrx_word' id='word_1_55' title='bbox 892 1159 1114 1225; x_wconf 81' lang='lat' dir='ltr'>huiuscemodi</span> <span class='ocrx_word' id='word_1_56' title='bbox 1132 1160 1303 1245; x_wconf 79' lang='lat' dir='ltr'>partitione</span> <span class='ocrx_word' id='word_1_57' title='bbox 1325 1156 1417 1242; x_wconf 88' lang='lat' dir='ltr'>loqui</span> 
     </span>
     <span class='ocr_line' id='line_1_9' title="bbox 228 1264 341 1332; baseline 0.027 -3"><span class='ocrx_word' id='word_1_58' title='bbox 228 1264 341 1332; x_wconf 87' lang='lat' dir='ltr'>solent.</span> 
     </span>
    </p>
   </div>
   <div class='ocr_carea' id='block_1_4' title="bbox 225 1465 1417 1773">
    <p class='ocr_par' dir='ltr' id='par_1_4' title="bbox 225 1465 1417 1773">
     <span class='ocr_line' id='line_1_10' title="bbox 272 1465 1417 1561; baseline 0 -23"><span class='ocrx_word' id='word_1_59' title='bbox 272 1473 351 1561; x_wconf 81' lang='lat' dir='ltr'><strong>Pag.</strong></span> <span class='ocrx_word' id='word_1_60' title='bbox 382 1473 482 1539; x_wconf 87' lang='grc'><strong>2129.</strong></span> <span class='ocrx_word' id='word_1_61' title='bbox 515 1465 541 1538; x_wconf 81' lang='grc' dir='ltr'><em>οί</em></span> <span class='ocrx_word' id='word_1_62' title='bbox 564 1472 623 1538; x_wconf 85' lang='grc' dir='ltr'><em>κάν</em></span> <span class='ocrx_word' id='word_1_63' title='bbox 647 1473 672 1537; x_wconf 88' lang='grc' dir='ltr'><em>εί</em></span> <span class='ocrx_word' id='word_1_64' title='bbox 696 1475 791 1551; x_wconf 74' lang='grc' dir='ltr'><em>μηδὲν</em></span> <span class='ocrx_word' id='word_1_65' title='bbox 816 1473 896 1540; x_wconf 88' lang='grc' dir='ltr'><em>ἀλλο</em></span> <span class='ocrx_word' id='word_1_66' title='bbox 919 1475 983 1555; x_wconf 72' lang='grc' dir='ltr'><em>τήν</em></span> <span class='ocrx_word' id='word_1_67' title='bbox 997 1474 1037 1554; x_wconf 73' lang='grc' dir='ltr'><em>γὲ</em></span> <span class='ocrx_word' id='word_1_68' title='bbox 1060 1498 1105 1541; x_wconf 88' lang='grc' dir='ltr'><em>τοι</em></span> <span class='ocrx_word' id='word_1_69' title='bbox 1130 1472 1222 1552; x_wconf 74' lang='grc' dir='ltr'><em>δόξαν</em></span> <span class='ocrx_word' id='word_1_70' title='bbox 1244 1482 1300 1549; x_wconf 75' lang='grc' dir='ltr'><em>τῆς</em></span> <span class='ocrx_word' id='word_1_71' title='bbox 1324 1473 1417 1550; x_wconf 77' lang='grc' dir='ltr'><em>ἀξιοί-</em></span> 
     </span>
     <span class='ocr_line' id='line_1_11' title="bbox 226 1577 1417 1661; baseline 0.001 -17"><span class='ocrx_word' id='word_1_72' title='bbox 226 1603 300 1651; x_wconf 83' lang='grc' dir='ltr'><em>σεας</em></span> <span class='ocrx_word' id='word_1_73' title='bbox 335 1577 456 1660; x_wconf 80' lang='grc' dir='ltr'><em>ἔχουσιν</em></span> <span class='ocrx_word' id='word_1_74' title='bbox 480 1582 628 1661; x_wconf 74' lang='grc' dir='ltr'><em>εὐπρεπῆ.</em></span> <span class='ocrx_word' id='word_1_75' title='bbox 674 1578 720 1643; x_wconf 91' lang='lat' dir='ltr'>Ut</span> <span class='ocrx_word' id='word_1_76' title='bbox 743 1577 903 1646; x_wconf 80' lang='lat' dir='ltr'>Graecum</span> <span class='ocrx_word' id='word_1_77' title='bbox 928 1581 1064 1647; x_wconf 85' lang='lat' dir='ltr'>colorem</span> <span class='ocrx_word' id='word_1_78' title='bbox 1087 1582 1203 1647; x_wconf 81' lang='lat' dir='ltr'>hebeat</span> <span class='ocrx_word' id='word_1_79' title='bbox 1226 1582 1326 1647; x_wconf 78' lang='lat' dir='ltr'>oratio</span> <span class='ocrx_word' id='word_1_80' title='bbox 1349 1600 1417 1645; x_wconf 84' lang='lat' dir='ltr'>eor-</span> 
     </span>
     <span class='ocr_line' id='line_1_12' title="bbox 225 1679 822 1773; baseline 0 -22"><span class='ocrx_word' id='word_1_81' title='bbox 225 1685 413 1773; x_wconf 81' lang='lat' dir='ltr'>rigendum:</span> <span class='ocrx_word' id='word_1_82' title='bbox 439 1679 467 1750; x_wconf 75' lang='grc' dir='ltr'><em>οἳ</em></span> <span class='ocrx_word' id='word_1_83' title='bbox 489 1687 513 1750; x_wconf 86' lang='grc' dir='ltr'><em>εί</em></span> <span class='ocrx_word' id='word_1_84' title='bbox 538 1686 590 1750; x_wconf 79' lang='grc' dir='ltr'><em>καί</em></span> <span class='ocrx_word' id='word_1_85' title='bbox 614 1685 708 1764; x_wconf 74' lang='grc' dir='ltr'><em>μηδὲν</em></span> <span class='ocrx_word' id='word_1_86' title='bbox 731 1684 822 1751; x_wconf 88' lang='grc' dir='ltr'><em>ἀλλο.</em></span> 
     </span>
    </p>
   </div>
   <div class='ocr_carea' id='block_1_5' title="bbox 207 1892 1415 2300">
    <p class='ocr_par' dir='ltr' id='par_1_5' title="bbox 207 1892 1415 2300">
     <span class='ocr_line' id='line_1_13' title="bbox 271 1892 1415 1981; baseline -0.002 -21"><span class='ocrx_word' id='word_1_87' title='bbox 271 1893 352 1981; x_wconf 81' lang='lat' dir='ltr'>Peg.</span> <span class='ocrx_word' id='word_1_88' title='bbox 385 1892 483 1959; x_wconf 84' lang='lat'>2130.</span> <span class='ocrx_word' id='word_1_89' title='bbox 516 1892 682 1960; x_wconf 71' lang='grc' dir='ltr'><em>ἀποδώσειν</em></span> <span class='ocrx_word' id='word_1_90' title='bbox 712 1893 774 1977; x_wconf 71' lang='grc' dir='ltr'><em>ἔφη</em></span> <span class='ocrx_word' id='word_1_91' title='bbox 798 1896 854 1971; x_wconf 67' lang='grc' dir='ltr'><em>τὴν</em></span> <span class='ocrx_word' id='word_1_92' title='bbox 876 1896 1057 1971; x_wconf 73' lang='grc' dir='ltr'><em>καταδίκαι.</em></span> <span class='ocrx_word' id='word_1_93' title='bbox 1082 1895 1165 1976; x_wconf 83' lang='grc' dir='ltr'><em>ίεράν</em></span> <span class='ocrx_word' id='word_1_94' title='bbox 1187 1895 1251 1976; x_wconf 76' lang='grc' dir='ltr'><em>νάρ</em></span> <span class='ocrx_word' id='word_1_95' title='bbox 1274 1895 1328 1971; x_wconf 70' lang='grc' dir='ltr'><em>ἤδη</em></span> <span class='ocrx_word' id='word_1_96' title='bbox 1353 1901 1415 1960; x_wconf 82' lang='grc' dir='ltr'><em>τῶν</em></span> 
     </span>
     <span class='ocr_line' id='line_1_14' title="bbox 227 1995 1413 2082; baseline -0.001 -17"><span class='ocrx_word' id='word_1_97' title='bbox 227 2002 296 2065; x_wconf 78' lang='grc' dir='ltr'><em>θεῶν</em></span> <span class='ocrx_word' id='word_1_98' title='bbox 329 1995 406 2064; x_wconf 82' lang='grc' dir='ltr'><em>εἶναι</em></span> <span class='ocrx_word' id='word_1_99' title='bbox 439 1999 491 2064; x_wconf 80' lang='grc' dir='ltr'><em>καὶ</em></span> <span class='ocrx_word' id='word_1_100' title='bbox 524 1999 594 2065; x_wconf 79' lang='grc' dir='ltr'><em>οὔτε</em></span> <span class='ocrx_word' id='word_1_101' title='bbox 621 2000 726 2065; x_wconf 72' lang='grc' dir='ltr'><em>δίκαια</em></span> <span class='ocrx_word' id='word_1_102' title='bbox 750 2000 820 2066; x_wconf 81' lang='grc' dir='ltr'><em>οὔτε</em></span> <span class='ocrx_word' id='word_1_103' title='bbox 843 1999 912 2066; x_wconf 84' lang='grc' dir='ltr'><em>ίσια</em></span> <span class='ocrx_word' id='word_1_104' title='bbox 936 2009 1031 2067; x_wconf 80' lang='grc' dir='ltr'><em>ποιεῖν</em></span> <span class='ocrx_word' id='word_1_105' title='bbox 1055 2004 1209 2082; x_wconf 77' lang='grc' dir='ltr'><em>ἀιιοςερῶν</em></span> <span class='ocrx_word' id='word_1_106' title='bbox 1233 2001 1303 2073; x_wconf 84' lang='grc' dir='ltr'><em>τοὺς</em></span> <span class='ocrx_word' id='word_1_107' title='bbox 1330 1999 1413 2072; x_wconf 73' lang='grc' dir='ltr'><em>θεοὺς</em></span> 
     </span>
     <span class='ocr_line' id='line_1_15' title="bbox 207 2099 1414 2183; baseline -0.002 -11"><span class='ocrx_word' id='word_1_108' title='bbox 207 2099 249 2172; x_wconf 76' lang='grc' dir='ltr'><em>’ἀ</em></span> <span class='ocrx_word' id='word_1_109' title='bbox 280 2106 397 2171; x_wconf 69' lang='grc' dir='ltr'><em>δίδωσιν</em></span> <span class='ocrx_word' id='word_1_110' title='bbox 428 2107 533 2177; x_wconf 84' lang='grc' dir='ltr'><em>αὐτοῖς</em></span> <span class='ocrx_word' id='word_1_111' title='bbox 562 2105 575 2168; x_wconf 81' lang='grc' dir='ltr'>ὁ</span> <span class='ocrx_word' id='word_1_112' title='bbox 606 2105 706 2183; x_wconf 77' lang='grc' dir='ltr'><em>νόμος.</em></span> <span class='ocrx_word' id='word_1_113' title='bbox 753 2103 881 2172; x_wconf 83' lang='lat' dir='ltr'>Olemat</span> <span class='ocrx_word' id='word_1_114' title='bbox 910 2106 973 2172; x_wconf 87' lang='lat' dir='ltr'>looi</span> <span class='ocrx_word' id='word_1_115' title='bbox 996 2109 1152 2172; x_wconf 84' lang='lat' dir='ltr'>sententia</span> <span class='ocrx_word' id='word_1_116' title='bbox 1176 2105 1414 2172; x_wconf 78' lang='lat' dir='ltr'>emendandum</span> 
     </span>
     <span class='ocr_line' id='line_1_16' title="bbox 226 2208 1118 2300; baseline -0.001 -21"><span class='ocrx_word' id='word_1_117' title='bbox 226 2233 294 2279; x_wconf 79' lang='lat' dir='ltr'>osse</span> <span class='ocrx_word' id='word_1_118' title='bbox 316 2208 385 2276; x_wconf 77' lang='grc' dir='ltr'><em>ίσια</em></span> <span class='ocrx_word' id='word_1_119' title='bbox 411 2208 515 2300; x_wconf 59' lang='lat' dir='ltr'><em>(AN)</em></span> <span class='ocrx_word' id='word_1_120' title='bbox 539 2219 633 2277; x_wconf 79' lang='grc' dir='ltr'><em>ποιεῖν</em></span> <span class='ocrx_word' id='word_1_121' title='bbox 656 2234 749 2298; x_wconf 79' lang='lat' dir='ltr'>oeque</span> <span class='ocrx_word' id='word_1_122' title='bbox 769 2213 915 2297; x_wconf 82' lang='grc' dir='ltr'><em>εο-ρίο</em></span> <span class='ocrx_word' id='word_1_123' title='bbox 937 2230 1118 2278; x_wconf 66' lang='lat' dir='ltr'>unorum.</span> 
     </span>
    </p>
   </div>
   <div class='ocr_carea' id='block_1_6' title="bbox 224 2419 1414 2716">
    <p class='ocr_par' dir='ltr' id='par_1_6' title="bbox 224 2419 1414 2716">
     <span class='ocr_line' id='line_1_17' title="bbox 271 2419 1414 2510; baseline -0.002 -23"><span class='ocrx_word' id='word_1_124' title='bbox 271 2420 353 2510; x_wconf 81' lang='lat' dir='ltr'><strong>Pag.</strong></span> <span class='ocrx_word' id='word_1_125' title='bbox 375 2419 475 2486; x_wconf 84' lang='grc'><strong>2132.</strong></span> <span class='ocrx_word' id='word_1_126' title='bbox 500 2422 526 2485; x_wconf 84' lang='lat' dir='ltr'><em>oi</em></span> <span class='ocrx_word' id='word_1_127' title='bbox 551 2421 607 2497; x_wconf 77' lang='grc' dir='ltr'><em>μὲν</em></span> <span class='ocrx_word' id='word_1_128' title='bbox 628 2422 707 2487; x_wconf 84' lang='grc' dir='ltr'><em>ἈΠ’</em></span> <span class='ocrx_word' id='word_1_129' title='bbox 726 2421 890 2501; x_wconf 71' lang='grc' dir='ltr'><em>ὀλιγωρίας</em></span> <span class='ocrx_word' id='word_1_130' title='bbox 910 2426 964 2486; x_wconf 84' lang='grc' dir='ltr'><em>τοῦ</em></span> <span class='ocrx_word' id='word_1_131' title='bbox 984 2426 1137 2487; x_wconf 82' lang='grc' dir='ltr'><em>καλοῦ-</em></span> <span class='ocrx_word' id='word_1_132' title='bbox 1151 2421 1339 2494; x_wconf 85' lang='grc' dir='ltr'><em>πολλοὺς-</em></span> <span class='ocrx_word' id='word_1_133' title='bbox 1353 2426 1414 2486; x_wconf 82' lang='grc' dir='ltr'><em>τῶν</em></span> 
     </span>
     <span class='ocr_line' id='line_1_18' title="bbox 224 2525 1412 2616; baseline 0 -24"><span class='ocrx_word' id='word_1_134' title='bbox 224 2528 456 2606; x_wconf 72' lang='grc' dir='ltr'><em>ἀπογενομένων</em></span> <span class='ocrx_word' id='word_1_135' title='bbox 498 2528 542 2599; x_wconf 86' lang='grc' dir='ltr'><em>είς</em></span> <span class='ocrx_word' id='word_1_136' title='bbox 574 2525 626 2591; x_wconf 80' lang='grc' dir='ltr'><em>τὸν</em></span> <span class='ocrx_word' id='word_1_137' title='bbox 661 2529 802 2606; x_wconf 81' lang='grc' dir='ltr'><em>ποταμὸν</em></span> <span class='ocrx_word' id='word_1_138' title='bbox 836 2525 1015 2605; x_wconf 76' lang='grc' dir='ltr'><em>ἐνέβαλλον.</em></span> <span class='ocrx_word' id='word_1_139' title='bbox 1069 2526 1302 2616; x_wconf 74' lang='lat' dir='ltr'>OorrIgendum</span> <span class='ocrx_word' id='word_1_140' title='bbox 1336 2528 1412 2592; x_wconf 71' lang='lat' dir='ltr'><em>‘Tu’</em></span> 
     </span>
     <span class='ocr_line' id='line_1_19' title="bbox 225 2634 399 2716; baseline 0.006 -18"><span class='ocrx_word' id='word_1_141' title='bbox 225 2634 399 2716; x_wconf 74' lang='grc' dir='ltr'><em>ὀλιγωρίας.</em></span> 
     </span>
    </p>
   </div>
   <div class='ocr_carea' id='block_1_7' title="bbox 223 2842 1414 3247">
    <p class='ocr_par' dir='ltr' id='par_1_7' title="bbox 223 2842 1414 3247">
     <span class='ocr_line' id='line_1_20' title="bbox 271 2842 1413 2933; baseline 0.003 -22"><span class='ocrx_word' id='word_1_142' title='bbox 271 2846 349 2912; x_wconf 88' lang='lat' dir='ltr'>Post</span> <span class='ocrx_word' id='word_1_143' title='bbox 379 2866 481 2931; x_wconf 81' lang='lat' dir='ltr'>pauca</span> <span class='ocrx_word' id='word_1_144' title='bbox 509 2842 648 2933; x_wconf 79' lang='lat' dir='ltr'>legitur:</span> <span class='ocrx_word' id='word_1_145' title='bbox 680 2844 765 2925; x_wconf 77' lang='grc' dir='ltr'><em>πρὸς</em></span> <span class='ocrx_word' id='word_1_146' title='bbox 781 2843 841 2916; x_wconf 78' lang='grc' dir='ltr'><em>τοὶς</em></span> <span class='ocrx_word' id='word_1_147' title='bbox 865 2845 967 2916; x_wconf 86' lang='grc' dir='ltr'><em>ἀκτάς</em></span> <span class='ocrx_word' id='word_1_148' title='bbox 990 2845 1042 2909; x_wconf 78' lang='grc' dir='ltr'><em>καὶ</em></span> <span class='ocrx_word' id='word_1_149' title='bbox 1067 2845 1126 2918; x_wconf 84' lang='grc' dir='ltr'><em>πάς</em></span> <span class='ocrx_word' id='word_1_150' title='bbox 1150 2845 1239 2927; x_wconf 69' lang='grc' dir='ltr'><em>ᾐόνας</em></span> <span class='ocrx_word' id='word_1_151' title='bbox 1263 2848 1413 2926; x_wconf 79' lang='grc' dir='ltr'><em>ἕκκυμαι-</em></span> 
     </span>
     <span class='ocr_line' id='line_1_21' title="bbox 225 2949 1412 3038; baseline 0.003 -21"><span class='ocrx_word' id='word_1_152' title='bbox 225 2951 353 3032; x_wconf 77' lang='grc' dir='ltr'><em>νομένων</em></span> <span class='ocrx_word' id='word_1_153' title='bbox 380 2961 458 3017; x_wconf 87' lang='grc' dir='ltr'><em>ΓΑΡ</em></span> <span class='ocrx_word' id='word_1_154' title='bbox 491 2957 549 3016; x_wconf 82' lang='grc' dir='ltr'><em>τῶν</em></span> <span class='ocrx_word' id='word_1_155' title='bbox 580 2951 743 3027; x_wconf 85' lang='grc' dir='ltr'><em>σομοίτοιν.</em></span> <span class='ocrx_word' id='word_1_156' title='bbox 790 2950 863 3015; x_wconf 91' lang='lat' dir='ltr'><em>Non</em></span> <span class='ocrx_word' id='word_1_157' title='bbox 893 2955 997 3036; x_wconf 86' lang='lat' dir='ltr'>potest</span> <span class='ocrx_word' id='word_1_158' title='bbox 1028 2949 1091 3033; x_wconf 77' lang='grc' dir='ltr'><em>νοίρ</em></span> <span class='ocrx_word' id='word_1_159' title='bbox 1126 2956 1195 3017; x_wconf 85' lang='lat' dir='ltr'>tam</span> <span class='ocrx_word' id='word_1_160' title='bbox 1228 2953 1338 3038; x_wconf 80' lang='lat' dir='ltr'>procul</span> <span class='ocrx_word' id='word_1_161' title='bbox 1371 2956 1412 3020; x_wconf 85' lang='lat' dir='ltr'><em>ob</em></span> 
     </span>
     <span class='ocr_line' id='line_1_22' title="bbox 223 3055 1414 3142; baseline 0.001 -18"><span class='ocrx_word' id='word_1_162' title='bbox 223 3061 316 3124; x_wconf 89' lang='lat' dir='ltr'>initio</span> <span class='ocrx_word' id='word_1_163' title='bbox 347 3060 521 3124; x_wconf 84' lang='lat' dir='ltr'>sententiae</span> <span class='ocrx_word' id='word_1_164' title='bbox 551 3057 708 3124; x_wconf 78' lang='lat' dir='ltr'>collocari.</span> <span class='ocrx_word' id='word_1_165' title='bbox 756 3055 954 3142; x_wconf 75' lang='lat' dir='ltr'>Transpone:</span> <span class='ocrx_word' id='word_1_166' title='bbox 980 3058 1241 3138; x_wconf 80' lang='grc' dir='ltr'><em>ε’κκυμαινομένυν</em></span> <span class='ocrx_word' id='word_1_167' title='bbox 1264 3061 1327 3142; x_wconf 73' lang='grc' dir='ltr'><em>γαρ</em></span> <span class='ocrx_word' id='word_1_168' title='bbox 1351 3062 1414 3125; x_wconf 81' lang='grc' dir='ltr'><em>τῶν</em></span> 
     </span>
     <span class='ocr_line' id='line_1_23' title="bbox 224 3161 771 3247; baseline -0.002 -18"><span class='ocrx_word' id='word_1_169' title='bbox 224 3163 376 3245; x_wconf 85' lang='grc' dir='ltr'><em>συμάτιον</em></span> <span class='ocrx_word' id='word_1_170' title='bbox 401 3165 472 3247; x_wconf 78' lang='grc' dir='ltr'><em>πρὸς</em></span> <span class='ocrx_word' id='word_1_171' title='bbox 495 3164 555 3236; x_wconf 86' lang='grc' dir='ltr'><em>τάς</em></span> <span class='ocrx_word' id='word_1_172' title='bbox 577 3161 679 3237; x_wconf 90' lang='grc' dir='ltr'><em>ἀκτάς</em></span> <span class='ocrx_word' id='word_1_173' title='bbox 705 3163 771 3228; x_wconf 82' lang='grc' dir='ltr'><em>κτὲ.</em></span> 
     </span>
    </p>
   </div>
   <div class='ocr_carea' id='block_1_8' title="bbox 219 3368 1414 4418">
    <p class='ocr_par' dir='ltr' id='par_1_8' title="bbox 225 3368 1413 3565">
     <span class='ocr_line' id='line_1_24' title="bbox 267 3368 1413 3465; baseline 0.002 -23"><span class='ocrx_word' id='word_1_174' title='bbox 267 3376 350 3465; x_wconf 80' lang='lat' dir='ltr'>Peg.</span> <span class='ocrx_word' id='word_1_175' title='bbox 384 3372 484 3444; x_wconf 81' lang='grc'><strong>2137.</strong></span> <span class='ocrx_word' id='word_1_176' title='bbox 516 3375 569 3438; x_wconf 79' lang='grc' dir='ltr'><em>οὐκ</em></span> <span class='ocrx_word' id='word_1_177' title='bbox 600 3369 725 3452; x_wconf 82' lang='grc' dir='ltr'><em>ἔχοντες</em></span> <span class='ocrx_word' id='word_1_178' title='bbox 755 3368 773 3437; x_wconf 83' lang='grc' dir='ltr'><em>ί</em></span> <span class='ocrx_word' id='word_1_179' title='bbox 800 3397 830 3438; x_wconf 91' lang='grc' dir='ltr'><em>πι</em></span> <span class='ocrx_word' id='word_1_180' title='bbox 861 3372 1073 3456; x_wconf 79' lang='grc' dir='ltr'><em>πράττΟΤσιν</em></span> <span class='ocrx_word' id='word_1_181' title='bbox 1105 3371 1203 3457; x_wconf 77' lang='grc' dir='ltr'><em>ἕτερον</em></span> <span class='ocrx_word' id='word_1_182' title='bbox 1211 3424 1219 3455; x_wconf 86' lang='grc'><strong><em>,</em></strong></span> <span class='ocrx_word' id='word_1_183' title='bbox 1243 3378 1312 3441; x_wconf 90' lang='lat' dir='ltr'><em>imo</em></span> <span class='ocrx_word' id='word_1_184' title='bbox 1334 3398 1413 3444; x_wconf 83' lang='lat' dir='ltr'>vero</span> 
     </span>
     <span class='ocr_line' id='line_1_25' title="bbox 225 3482 425 3565; baseline -0.01 -17"><span class='ocrx_word' id='word_1_185' title='bbox 225 3482 425 3565; x_wconf 82' lang='grc' dir='ltr'><em>τράττΩοιν.</em></span> 
     </span>
    </p>

    <p class='ocr_par' dir='ltr' id='par_1_9' title="bbox 222 3585 1414 3779">
     <span class='ocr_line' id='line_1_26' title="bbox 269 3585 1414 3676; baseline 0 -21"><span class='ocrx_word' id='word_1_186' title='bbox 269 3588 440 3676; x_wconf 79' lang='lat' dir='ltr'>Sequitur:</span> <span class='ocrx_word' id='word_1_187' title='bbox 472 3585 515 3651; x_wconf 77' lang='grc' dir='ltr'><em>σίν</em></span> <span class='ocrx_word' id='word_1_188' title='bbox 537 3585 595 3665; x_wconf 76' lang='grc' dir='ltr'><em>μὲν</em></span> <span class='ocrx_word' id='word_1_189' title='bbox 619 3586 649 3650; x_wconf 81' lang='grc' dir='ltr'><em>ἐν</em></span> <span class='ocrx_word' id='word_1_190' title='bbox 677 3592 749 3659; x_wconf 81' lang='grc' dir='ltr'><em>ταῖς</em></span> <span class='ocrx_word' id='word_1_191' title='bbox 773 3586 951 3660; x_wconf 72' lang='grc' dir='ltr'><em>ἐκκλησίαις</em></span> <span class='ocrx_word' id='word_1_192' title='bbox 976 3585 1126 3666; x_wconf 74' lang='grc' dir='ltr'><em>δεόμενοι,</em></span> <span class='ocrx_word' id='word_1_193' title='bbox 1151 3587 1194 3652; x_wconf 89' lang='grc' dir='ltr'><em>τά</em></span> <span class='ocrx_word' id='word_1_194' title='bbox 1215 3587 1246 3653; x_wconf 74' lang='grc' dir='ltr'><em>δὲ</em></span> <span class='ocrx_word' id='word_1_195' title='bbox 1270 3589 1414 3670; x_wconf 82' lang='grc' dir='ltr'><em>καταμί-</em></span> 
     </span>
     <span class='ocr_line' id='line_1_27' title="bbox 222 3691 1278 3779; baseline 0.001 -19"><span class='ocrx_word' id='word_1_196' title='bbox 222 3719 276 3770; x_wconf 91' lang='grc' dir='ltr'><em>νας</em></span> <span class='ocrx_word' id='word_1_197' title='bbox 302 3691 610 3774; x_wconf 77' lang='grc' dir='ltr'><em>ΟΤΝτυνχάνοντες.</em></span> <span class='ocrx_word' id='word_1_198' title='bbox 657 3691 735 3779; x_wconf 80' lang='lat' dir='ltr'>Leg.</span> <span class='ocrx_word' id='word_1_199' title='bbox 760 3692 1042 3775; x_wconf 72' lang='grc' dir='ltr'><em>ἘΝτυνχάνοντες</em></span> <span class='ocrx_word' id='word_1_200' title='bbox 1065 3695 1278 3763; x_wconf 75' lang='lat' dir='ltr'>convenientes.</span> 
     </span>
    </p>

    <p class='ocr_par' dir='ltr' id='par_1_10' title="bbox 219 3795 1412 4418">
     <span class='ocr_line' id='line_1_28' title="bbox 267 3795 1412 3888; baseline 0.001 -21"><span class='ocrx_word' id='word_1_201' title='bbox 267 3800 388 3868; x_wconf 85' lang='lat' dir='ltr'>Deinde</span> <span class='ocrx_word' id='word_1_202' title='bbox 412 3801 558 3886; x_wconf 82' lang='lat' dir='ltr'>expunge</span> <span class='ocrx_word' id='word_1_203' title='bbox 581 3795 762 3880; x_wconf 74' lang='grc' dir='ltr'><em>πράνματα</em></span> <span class='ocrx_word' id='word_1_204' title='bbox 785 3801 819 3862; x_wconf 92' lang='lat' dir='ltr'><em>in</em></span> <span class='ocrx_word' id='word_1_205' title='bbox 842 3800 965 3866; x_wconf 81' lang='lat' dir='ltr'>verbis:</span> <span class='ocrx_word' id='word_1_206' title='bbox 991 3800 1016 3864; x_wconf 84' lang='grc' dir='ltr'><em>εί</em></span> <span class='ocrx_word' id='word_1_207' title='bbox 1037 3800 1079 3865; x_wconf 85' lang='grc' dir='ltr'><em>τά</em></span> <span class='ocrx_word' id='word_1_208' title='bbox 1101 3805 1154 3866; x_wconf 83' lang='grc' dir='ltr'><em>τοῦ</em></span> <span class='ocrx_word' id='word_1_209' title='bbox 1175 3801 1270 3880; x_wconf 73' lang='grc' dir='ltr'><em>δήμου</em></span> <span class='ocrx_word' id='word_1_210' title='bbox 1293 3801 1412 3888; x_wconf 68' lang='grc' dir='ltr'><em>[προία-</em></span> 
     </span>
     <span class='ocr_line' id='line_1_29' title="bbox 221 3903 1410 3991; baseline 0.001 -18"><span class='ocrx_word' id='word_1_211' title='bbox 221 3911 328 3990; x_wconf 86' lang='grc' dir='ltr'><em>μαπα]</em></span> <span class='ocrx_word' id='word_1_212' title='bbox 359 3903 483 3970; x_wconf 78' lang='grc' dir='ltr'><em>ἕλοιντο.</em></span> <span class='ocrx_word' id='word_1_213' title='bbox 516 3911 548 3970; x_wconf 87' lang='lat' dir='ltr'><em>et</em></span> <span class='ocrx_word' id='word_1_214' title='bbox 576 3927 689 3972; x_wconf 82' lang='lat' dir='ltr'>revoco</span> <span class='ocrx_word' id='word_1_215' title='bbox 720 3905 1410 3991; x_wconf 68' lang='grc' dir='ltr'><strong>οο11ρ1111κ111111101111111εἷσῆλθενάρπις</strong></span> 
     </span>
     <span class='ocr_line' id='line_1_30' title="bbox 220 4010 1409 4099; baseline 0.002 -20"><span class='ocrx_word' id='word_1_216' title='bbox 220 4015 284 4080; x_wconf 32' lang='grc' dir='ltr'><em>τὸν.</em></span> <span class='ocrx_word' id='word_1_217' title='bbox 301 4015 439 4084; x_wconf 70' lang='grc' dir='ltr'><em>Ἄππιον</em></span> <span class='ocrx_word' id='word_1_218' title='bbox 471 4011 618 4089; x_wconf 85' lang='grc' dir='ltr'><em>ε’πιίνμία</em></span> <span class='ocrx_word' id='word_1_219' title='bbox 649 4010 761 4087; x_wconf 77' lang='grc' dir='ltr'><em>ξένΗΝ</em></span> <span class='ocrx_word' id='word_1_220' title='bbox 794 4011 893 4091; x_wconf 61' lang='grc' dir='ltr'><em>ἀρχὴν</em></span> <span class='ocrx_word' id='word_1_221' title='bbox 917 4010 1141 4092; x_wconf 79' lang='grc' dir='ltr'><em>περιβαλέσθαι</em></span> <span class='ocrx_word' id='word_1_222' title='bbox 1165 4035 1221 4099; x_wconf 88' lang='lat' dir='ltr'><em>pro</em></span> <span class='ocrx_word' id='word_1_223' title='bbox 1245 4015 1313 4092; x_wconf 71' lang='grc' dir='ltr'><em>ξένα</em></span> <span class='ocrx_word' id='word_1_224' title='bbox 1338 4015 1409 4082; x_wconf 79' lang='grc' dir='ltr'><em>νέαν</em></span> 
     </span>
     <span class='ocr_line' id='line_1_31' title="bbox 223 4116 1410 4209; baseline 0.003 -25"><span class='ocrx_word' id='word_1_225' title='bbox 223 4118 341 4200; x_wconf 69' lang='grc' dir='ltr'><em>ἀρχήν,</em></span> <span class='ocrx_word' id='word_1_226' title='bbox 375 4117 458 4203; x_wconf 90' lang='lat' dir='ltr'>quod</span> <span class='ocrx_word' id='word_1_227' title='bbox 481 4118 648 4183; x_wconf 81' lang='lat' dir='ltr'>substituit</span> <span class='ocrx_word' id='word_1_228' title='bbox 670 4117 791 4209; x_wconf 78' lang='lat' dir='ltr'>Editor.</span> <span class='ocrx_word' id='word_1_229' title='bbox 839 4116 980 4183; x_wconf 84' lang='lat' dir='ltr'>Dixissst</span> <span class='ocrx_word' id='word_1_230' title='bbox 1002 4121 1048 4184; x_wconf 86' lang='lat' dir='ltr'><em>sio</em></span> <span class='ocrx_word' id='word_1_231' title='bbox 1071 4118 1245 4206; x_wconf 83' lang='lat' dir='ltr'>Dionysius</span> <span class='ocrx_word' id='word_1_232' title='bbox 1268 4121 1337 4198; x_wconf 76' lang='grc' dir='ltr'><em>ξένη</em></span> <span class='ocrx_word' id='word_1_233' title='bbox 1362 4144 1410 4196; x_wconf 84' lang='grc' dir='ltr'><em>τις</em></span> 
     </span>
     <span class='ocr_line' id='line_1_32' title="bbox 221 4223 1411 4316; baseline 0.006 -26"><span class='ocrx_word' id='word_1_234' title='bbox 221 4225 369 4305; x_wconf 75' lang='grc' dir='ltr'><em>ἐπιθυμία</em></span> <span class='ocrx_word' id='word_1_235' title='bbox 400 4230 432 4290; x_wconf 94' lang='lat' dir='ltr'><em>et</em></span> <span class='ocrx_word' id='word_1_236' title='bbox 461 4224 544 4291; x_wconf 91' lang='lat' dir='ltr'>nihil</span> <span class='ocrx_word' id='word_1_237' title='bbox 567 4228 614 4290; x_wconf 90' lang='lat' dir='ltr'><em>est</em></span> <span class='ocrx_word' id='word_1_238' title='bbox 637 4226 672 4288; x_wconf 93' lang='lat' dir='ltr'><em>in</em></span> <span class='ocrx_word' id='word_1_239' title='bbox 694 4223 753 4288; x_wconf 81' lang='lat' dir='ltr'><em>huo</em></span> <span class='ocrx_word' id='word_1_240' title='bbox 777 4226 941 4310; x_wconf 87' lang='lat' dir='ltr'>imperiosi</span> <span class='ocrx_word' id='word_1_241' title='bbox 964 4225 1104 4290; x_wconf 92' lang='lat' dir='ltr'>hominis</span> <span class='ocrx_word' id='word_1_242' title='bbox 1127 4228 1301 4313; x_wconf 82' lang='lat' dir='ltr'>eupiditate</span> <span class='ocrx_word' id='word_1_243' title='bbox 1325 4231 1411 4316; x_wconf 88' lang='lat' dir='ltr'>quod</span> 
     </span>
     <span class='ocr_line' id='line_1_33' title="bbox 219 4328 1327 4418; baseline 0.004 -20"><span class='ocrx_word' id='word_1_244' title='bbox 219 4333 363 4399; x_wconf 87' lang='lat' dir='ltr'>mireris:</span> <span class='ocrx_word' id='word_1_245' title='bbox 390 4331 406 4406; x_wconf 74' lang='grc' dir='ltr'><strong><em>ἡ</em></strong></span> <span class='ocrx_word' id='word_1_246' title='bbox 431 4330 516 4415; x_wconf 77' lang='grc' dir='ltr'><em>ἀρχή</em></span> <span class='ocrx_word' id='word_1_247' title='bbox 539 4332 608 4418; x_wconf 81' lang='lat' dir='ltr'>ipse</span> <span class='ocrx_word' id='word_1_248' title='bbox 631 4333 698 4396; x_wconf 81' lang='lat' dir='ltr'>oret</span> <span class='ocrx_word' id='word_1_249' title='bbox 720 4328 788 4409; x_wconf 78' lang='grc' dir='ltr'><em>ξένη</em></span> <span class='ocrx_word' id='word_1_250' title='bbox 813 4334 941 4397; x_wconf 85' lang='lat' dir='ltr'>stante</span> <span class='ocrx_word' id='word_1_251' title='bbox 965 4351 1038 4397; x_wconf 90' lang='lat' dir='ltr'>eum</span> <span class='ocrx_word' id='word_1_252' title='bbox 1063 4331 1148 4398; x_wconf 85' lang='lat' dir='ltr'>diem</span> <span class='ocrx_word' id='word_1_253' title='bbox 1171 4333 1327 4402; x_wconf 82' lang='lat' dir='ltr'>inaudito.</span> 
     </span>
    </p>
   </div>
   <div class='ocr_carea' id='block_1_9' title="bbox 0 0 1542 5004">
    <p class='ocr_par' dir='ltr' id='par_1_11' title="bbox 0 0 1542 5004">
     <span class='ocr_line' id='line_1_34' title="bbox 0 0 1542 5004; baseline 0 3"><span class='ocrx_word' id='word_1_254' title='bbox 0 0 1542 5004; x_wconf 95' lang='lat' dir='ltr'><em> </em></span> 
     </span>
    </p>
   </div>
  </div>
 </body>
</html>
