3076 5004
699 279 741 351 35

119 469 183 537 ἔδει
208 470 267 545 τὰς
292 471 375 553 ίεροδς
399 472 489 556 κθρας
514 473 683 560 (Vestales)
708 473 811 552 θρνθιο
835 474 990 553 διαμεῖναι
1015 474 1139 554 μοίμαν.
1185 475 1249 540 Pro
1267 476 1315 540 in-

120 583 199 663 epta
229 581 387 665 scripture
410 585 597 652 πενταετοῦς
622 587 785 667 receptum
809 585 952 667 oportuit
974 582 1059 667 quod
1082 579 1195 648 Griiiei
1218 586 1316 647 ceria·

121 686 187 748 tim
217 692 426 771 reposuerunt
457 691 709 766 τριακονταετοῦς
740 692 772 751 et
804 708 842 752 ex
874 691 941 774 ipso
964 687 1119 773 Dionysio
1138 709 1212 775 pag.
1239 685 1314 753 379.

120 789 230 869 χρόνον
255 789 287 855 δέ
311 801 532 866 τριακονταετῆ
554 792 655 870 μένειν
680 793 780 864 αὐτίκα
806 796 977 871 αναγκαῖον
1001 793 1104 870 eunuc
1127 794 1259 877 νοέμοιν,
1284 797 1316 858 et

122 917 163 960 ex
193 899 265 982 ipse
295 899 343 962 rei
366 919 463 983 quam
485 904 593 963 narrat
615 904 739 963 nature.
786 899 859 964 Non
882 904 950 965 erat
973 902 1060 964 enim
1083 898 1215 965 Amulio
1239 901 1317 964 sutis

123 1001 158 1064 in
181 1004 416 1088 quinquennium
440 1009 566 1069 tentum
586 1004 649 1069 sibi
672 1024 792 1070 cavere.
817 1003 858 1069 ef.
883 1009 916 1069 ei
938 1025 1012 1092 pag.
1034 1003 1111 1069 382.
1133 1005 1190 1070 ubi
1210 1003 1318 1070 Veste-

122 1105 166 1171 lis
198 1109 263 1172 ait:
297 1109 462 1188 Ἐςία-,
493 1111 519 1175 εί
551 1111 608 1187 μὲν
640 1110 726 1182 θσίιορ
753 1109 804 1174 καί
830 1108 952 1182 δικαίας
978 1108 1181 1175 ἐπιτετέλεκά
1205 1133 1250 1175 σοι
1274 1109 1316 1174 τοί

123 1212 191 1293 ίερθι
216 1213 324 1295 χρόνον
348 1216 454 1293 θλίνου
478 1215 586 1281 δέοντα
610 1220 876 1297 τριακονταετοῦς.

171 1453 250 1541 Peg.
287 1452 363 1519 194.
397 1451 446 1528 αίς
479 1453 752 1519 ἀνατέθειται
781 1459 835 1519 τοῦ
859 1453 997 1533 οίσβέεου
1020 1455 1111 1536 τυρὸς
1136 1457 1153 1531 ni
1177 1457 1318 1537 Φυλακνί.

125 1558 297 1624 Plebeium
329 1566 377 1625 esi
407 1560 602 1626 ἀνατέθειται
635 1580 692 1647 pro
723 1561 894 1625 desinerem.
944 1560 1084 1627 Verbum
1107 1563 1212 1640 τίθημι
1234 1559 1320 1647 apud

125 1684 237 1730 omnes
268 1667 418 1751 probatos
446 1669 613 1753 scriptores
635 1666 732 1731 hebet
754 1667 931 1753 perfeetum
954 1669 1118 1752 passivum
1145 1667 1262 1732 κεῖσθαι
1288 1674 1320 1734 et

125 1771 161 1835 in
191 1771 335 1857 simplici
366 1777 406 1864 ein
427 1775 461 1836 in
494 1774 678 1858 compositis
711 1773 876 1847 omnibus,
902 1792 965 1838 non
987 1773 1150 1838 τεθεῖσθαι.
1196 1772 1320 1838 Iterum

126 1877 173 1940 sie
204 1879 352 1962 peccavit
380 1898 454 1964 pag.
488 1875 565 1943 830.
598 1883 697 1950 κακῶς
724 1874 865 1950 ίίταντερ
890 1876 945 1942 ὑπ’
970 1879 1064 1943 αὐτοῦ
1088 1879 1319 1957 διατεθείμεθα,

125 2001 183 2066 pro
205 1980 398 2061 διακείμεθα.

172 2220 254 2311 Peg.
293 2220 368 2287 195.
405 2224 495 2304 ὀργὴν
524 2220 663 2304 Φανερίιν
694 2222 747 2286 οὐκ
779 2222 1143 2304 έτοιείτο-οίτθρρντον
1177 2234 1232 2291 ΔΕ
1267 2226 1319 2291 καί

126 2331 218 2393 τοῦτο
250 2328 477 2409 έΦυλοίττεΤΟ
505 2337 564 2395 ΤΟ
590 2327 751 2404 ἔγκλημα.
799 2327 1003 2415 Legendum:
1031 2330 1121 2409 θρρίρν
1145 2329 1228 2416 (μέν)
1256 2339 1321 2414 φα-

125 2433 214 2514 νεροίν
248 2439 280 2499 et
312 2433 479 2514 ε’φιίλαττε
511 2435 545 2498 τὸ
582 2431 740 2512 ἔγκλημα.
787 2434 883 2499 verbo
918 2435 1040 2498 ουοοιιθί
1076 2433 1319 2526 (Φυλοίττεσθαι)

124 2538 236 2604 nullus
265 2540 320 2604 hic
350 2539 440 2606 loeus
472 2545 535 2623 est,
568 2544 600 2604 et
632 2539 775 2602 οοοαίιιιαο
805 2561 924 2603 eernere
953 2540 992 2603 ab
1023 2540 1172 2605 omnibus
1202 2541 1321 2609 dieitur

125 2645 295 2725 οίιιθρριρτον
326 2647 520 2729 Φυλοίττειν,
553 2649 589 2709 ui
618 2665 694 2731 pag.
728 2642 804 2711 972.
838 2644 891 2719 τίνι
916 2645 1049 2710 διοίνοιαν
1072 2645 1237 2726 οίοιθρρκτον
1260 2654 1321 2729 φυ-

123 2751 309 2825 λοίττοντερ.

170 2976 253 3064 Pag.
280 2974 356 3044 197.
382 2977 468 3042 κατθι
491 2977 546 3051 τίον
570 2974 804 3049 συνείδησιν
828 2981 887 3039 τῶν
910 2976 1118 3056 πραχθέντων.
1148 2977 1321 3047 Sordidum

123 3089 157 3148 et
189 3086 355 3150 novicium
386 3081 580 3148 vocabulum
613 3085 661 3146 esi
693 3083 710 3156 ἡ
743 3080 909 3155 συνείδησις
943 3088 1051 3147 eontra
1078 3083 1258 3174 analogiam
1281 3109 1320 3153 ex

122 3188 293 3254 συνειδέναι
328 3189 513 3254 formatum.
572 3185 701 3251 Veteres
736 3186 883 3251 dicebant
917 3189 951 3253 τδ
987 3188 1129 3261 συνειδθς.
1184 3190 1320 3259 Perinde

121 3297 242 3362 vitiose
272 3294 329 3360 elii
362 3315 399 3358 ex
432 3293 586 3372 ἕρρνίρορα
617 3311 733 3357 nomen
764 3292 942 3373 ἐγρήγορσις
975 3291 1132 3360 finxerunt
1159 3301 1192 3361 ei
1214 3299 1320 3364 τοσοί-

121 3405 209 3477 θνρσις
233 3422 273 3467 ex
295 3399 440 3465 τέτοιθα.
1174 3405 1177 3409 ’

171 3626 252 3715 Peg.
285 3623 363 3690 202.
395 3623 439 3688 τοδ
470 3621 527 3699 μέν
557 3622 593 3696 δὴ
626 3621 740 3708 (βρέφη
765 3624 911 3689 Romulus
934 3631 963 3688 οί
986 3625 1108 3709 Bonan)
1131 3626 1320 3706 κνυζούμενα

124 3733 212 3803 κατδι
245 3736 299 3797 τοῦ
323 3730 481 3808 τέλματος
507 3728 704 3805 ἐκυλινδεῖτο,
730 3729 862 3793 λύκαινα
887 3729 918 3794 δέ
941 3753 1042 3800 τις-
1056 3739 1095 3811 τῇ
1119 3732 1245 3814 unere„
1267 3737 1318 3799 τδν

123 3840 224 3914 πηλὸν
257 3834 277 3919 ᾧ
307 3835 483 3900 κατοίτλεοι
514 3828 590 3905 ἦσαν
620 3833 805 3913 οίοιελίχμα.
853 3834 955 3902 Scrib.
979 3835 1319 3918 κνυζΩμενοι-ἔκΑ-

123 3945 258 4012 λινδεῑτο
273 3980 315 3992 -
328 3941 533 4006 κατιίτλεΩΙ
558 3944 591 4004 ei
614 3941 863 4018 οίτελιχμῑιΤΟ.

170 4169 255 4257 Peg.
290 4164 369 4232 203.
397 4164 481 4228 είκιδν
505 4170 605 4227 κεῖται
630 4166 683 4226 τοῦ
706 4163 820 4235 τοίθους
844 4165 979 4231 λθκαινα
1004 4168 1134 4241 παιδίοις
1158 4169 1223 4234 δυσί
1248 4172 1318 4245 τοὺς

125 4276 250 4354 μαςοὺρ
281 4274 507 4352 ἘΠΙΟχοῦσα
556 4267 634 4348 Quis
661 4288 724 4333 non
749 4291 840 4356 saepe
863 4273 947 4337 vidit
970 4274 1201 4341 eiusdemmodi
1224 4279 1320 4342 simu·

124 4378 273 4449 lacrum?
314 4377 384 4444 ¹Sed
407 4378 611 4463 perspicuum
629 4378 683 4466 ,est
699 4398 843 4458 ροιιοιοαι
865 4381 984 4463 requiri
1006 4403 1143 4446 nunnae
1152 4385 1319 4477 praebens,

1391 4554 1456 4680 Ι
