3076 5004
701 312 765 383 107

128 503 173 571 ἂν
204 503 412 581 βουλεύσηται
437 509 611 580 ΠΡΑΞΑΙ,
636 502 719 587 quod
741 503 857 588 pendet
879 524 919 568 ex
941 501 1151 587 οιότοκρόσοοοι
1177 505 1229 569 uei
1250 509 1321 571 όνυ·

132 610 290 678 πεόόυνσν.

182 820 260 911 Pag.
301 823 398 893 1017.
435 828 448 891 ό
485 829 547 908 pap
583 827 721 897 Κλοίλιος
759 825 789 888 ἕν
821 832 891 894 τοῖς
924 833 1098 897 πολιτικαῖς
1131 829 1325 891 'areralc

135 926 277 1010 διόφορος
311 933 350 997 de
381 933 415 998 τό
450 935 603 1014 δρνςόοιον
636 933 685 997 uxi
719 930 932 1011 prienenses
962 933 1015 994 οὐκ
1038 927 1134 1012 εἶχεν.
1182 932 1325 998 Palmari

136 1036 356 1103 emendatione
383 1039 558 1127 Kiessling.
589 1040 730 1104 restituit
765 1038 793 1100 ἐν
830 1044 901 1109 τοιῖς
937 1045 1112 1109 πολιτικοῖς
1148 1047 1325 1106 ΧΡΕΙΑΙΟ.

134 1139 190 1206 sic
212 1145 385 1220 πολεμικός
408 1146 518 1227 χρείκς
540 1147 622 1210 dixit
640 1166 713 1232 pag.
734 1141 834 1208 2217.
858 1142 1006 1220 δημοσίοις
1026 1143 1137 1224 χρείοις
1158 1165 1231 1233 pag.
1247 1141 1324 1211 752.

136 1252 169 1312 et
192 1249 265 1313 sim.
291 1249 381 1315 alibi.

183 1454 264 1545 Pag.
298 1457 394 1524 1022.
429 1461 547 1539 ᾑροῦντο
581 1458 612 1523 δὲ
637 1457 748 1530 κότοὺς
771 1456 853 1545 (τοὺς
879 1458 1072 1537 αἰσυμνήτας
1096 1459 1267 1539 dictatores)
1292 1460 1325 1524 οιό

138 1560 242 1637 πόλεις
267 1563 331 1630 οὔτ’
355 1566 396 1636 εἰς
420 1565 551 1645 Ἀόοιςον
574 1563 679 1645 χρόνον
704 1565 772 1629 οὔτε
796 1571 930 1643 συνεχῶς
956 1563 1043 1628 anna
1068 1566 1138 1645 πρὸς
1164 1566 1233 1638 τοὺς
1258 1588 1326 1631 κοιι·

134 1670 201 1749 ροὺς
233 1670 325 1735 όπότε
358 1669 452 1745 δόξειε
486 1670 654 1751 συμφέρειν
683 1676 734 1733 xxi
761 1672 802 1740 εἰς
828 1669 934 1734 όπόσον
957 1668 1073 1749 χρόνον.
1123 1670 1325 1756 Quicumque

133 1775 195 1842 hoo
225 1778 294 1863 agit
327 1779 442 1841 sentiet
472 1777 564 1862 plane
596 1777 776 1840 eontrarium
807 1779 926 1862 requiri
949 1778 992 1849 εἰς
1020 1776 1138 1856 Ὀοιςόυ
1161 1775 1267 1859 χρόνον
1294 1782 1326 1842 et

137 1881 179 1953 εἰς
197 1881 393 1946 όποσονΟΥΝ
410 1881 527 1963 χρόνον.
563 1882 648 1947 Tum
666 1883 766 1947 scribe
783 1890 1012 1955 ΜΤΤΙληνοιῖοι
1033 1903 1089 1968 pro
1108 1888 1324 1957 Μιτυληνοιῖοι.

182 2089 261 2178 Peg.
297 2089 396 2155 1025.
431 2089 639 2171 ἦνκγκοόζονπο
672 2089 825 2170 ποιρόγειν
858 2090 954 2156 πόλιν
985 2091 1043 2163 τόις
1074 2092 1246 2169 βοισιλικόις
1272 2091 1323 2156 κυνὶ

137 2196 317 2277 τυροινυικόις
363 2194 501 2272 ἕξουσίοις
537 2201 579 2270 εἷς
615 2196 706 2275 μέσον
740 2199 868 2274 όνόμοισι
905 2198 1187 2277 περικαλύπτοντες
1224 2199 1324 2271 κότόις

136 2301 376 2382 εὐπρεπεςόροις.
402 2305 556 2369 Θετταλοὶ
582 2306 638 2382 μὲν
662 2306 855 2380 'APXOTC,
876 2302 1111 2380 Λοικεδοιιμόνιοι
1133 2304 1164 2367 δὲ
1185 2304 1323 2384 όρμοςόνς

136 2414 315 2482 κοιλοῦντες.
363 2407 573 2475 Scribendum
598 2409 752 2474 Θεττκλοὶ
776 2410 833 2485 μὲν
856 2417 1034 2473 ΤΑΓΟΎΕ.
1075 2409 1253 2474 Notissima
1275 2430 1325 2476 res

136 2519 169 2579 et
198 2535 314 2580 nomen
344 2535 361 2579 e
391 2515 611 2601 Xenophontis
640 2516 807 2579 Helteeiee'e
836 2513 938 2580 veluti
963 2513 1014 2576 VI.
1045 2512 1074 2577 1.
1099 2514 1130 2578 8.
1155 2515 1211 2578 ubi
1234 2515 1324 2579 Iason

136 2620 185 2684 ita
212 2620 307 2685 dicit:
333 2622 467 2692 εὐπετῶς
493 2621 530 2685 όιυ
556 2622 616 2699 ἐγὼ
642 2626 740 2698 reyes
766 2627 933 2684 Θεττιιλῶυ
959 2618 1107 2684 οὶπόνπιιν
1131 2619 1324 2704 κοιτοοςοιόην,

137 2729 172 2789 et
199 2727 319 2810 passim
342 2727 376 2790 in
399 2747 464 2811 sqq.
513 2728 618 2812 Atque
641 2727 676 2791 hi
699 2726 824 2811 quidem
851 2730 899 2790 sat
923 2725 1088 2790 commode
1112 2746 1186 2789 oum
1210 2724 1325 2791 Roma—

137 2849 251 2894 norum
283 2830 499 2897 Dictatoribus
532 2839 773 2917 comparantur,
807 2833 861 2897 sed
893 2838 960 2897 toto
992 2831 1078 2897 eoelo
1110 2832 1227 2896 diversi
1251 2837 1326 2897 sunt

140 2933 368 3020 Spartanorum
400 2937 553 3018 ἁρμοςοιό,
568 2940 605 3002 οἱ
631 2938 687 3003 ὑπὸ
713 2939 963 3012 Λακεδαιμονίων
987 2940 1029 3009 εἰς
1054 2939 1112 3009 τόις
1146 2937 1324 3012 ὑπηκόους

141 3043 242 3113 πόλεις
267 3041 414 3125 ἄρχοντες
440 3044 684 3123 ἐκπεμπόμενοι,
710 3049 790 3109 teste
813 3043 1062 3129 Harpocratione
1086 3046 1121 3107 in
1144 3065 1175 3109 v.

184 3253 263 3342 Pag.
284 3254 380 3320 1033.
401 3253 553 3329 πολλόκις
567 3255 815 3333 οὶνοιγκκσόεόσης
828 3263 883 3329 τῆς
897 3254 1013 3326 πόλεως
1028 3293 1069 3303 -
1083 3253 1189 3319 πόντοι
1202 3262 1325 3330 ποιησοιι

142 3358 182 3423 τόν
203 3359 383 3440 ποόγμοισκ
402 3361 476 3426 ’Ὑφ’
489 3363 540 3428 ἔνι’.
574 3361 707 3426 Dicendi
719 3361 911 3426 consuetudo
924 3361 985 3425 fert
996 3367 1034 3425 ut
1046 3361 1169 3425 dicatur
1181 3363 1254 3424 'eo'
1269 3361 1325 3438 ἑνί,

142 3463 173 3528 ia
195 3467 285 3531 enies
306 3468 434 3532 Ιιοκιόκόσ
448 3473 595 3550 potestate
600 3497 613 3544 ;
632 3467 722 3531 unius
741 3467 868 3531 Ιιοιιοόκόε
887 3467 1013 3530 arbitrio
1035 3468 1133 3531 omnia
1142 3472 1326 3550 permittere.

184 3677 264 3766 Pag.
292 3676 388 3742 1033.
413 3674 552 3751 όόποννσες
576 3680 861 3756 σόνεπιληπτους-
877 3677 1002 3749 ἓοιυτοὺς
1026 3677 1253 3758 ποιμόσχονΤΟ.
1289 3676 1327 3742 In

141 3784 396 3871 frequentissimo
419 3788 562 3850 omnium
589 3806 650 3850 usu
675 3786 799 3852 videbis
824 3803 949 3863 semper
972 3804 1008 3849 eo
1031 3805 1125 3849 sensu
1149 3785 1213 3850 diei
1237 3783 1328 3864 ποιμέ-

140 3913 207 3970 χειυ
232 3891 339 3956 ἕοιυσόν
362 3890 481 3971 μέτριον
506 3899 562 3956 aut
586 3890 798 3966 όνεπόληπτον
821 3896 877 3955 aut
901 3891 1007 3955 simile
1030 3890 1125 3975 quid,
1149 3910 1212 3955 non
1236 3889 1327 3969 ποιρέ·

140 4001 262 4076 χεσόκι.
310 3997 420 4082 Itaque
443 3999 675 4062 emendandum
701 3998 879 4078 ποιρὲσχου,
906 4001 943 4060 ut
965 4017 1036 4082 pag.
1065 3995 1162 4059 1153.
1184 3996 1328 4076 πκρέχοιν

141 4103 191 4167 uei
229 4105 258 4167 ἕν
293 4105 388 4185 εἰρήνη
423 4103 475 4166 nai
507 4105 537 4166 ἕν
567 4103 712 4180 πολέμοις
746 4104 853 4167 ἒκυτόν
885 4102 1023 4182 μέτριον,
1056 4108 1088 4166 at
1117 4123 1192 4188 pag.
1230 4099 1327 4168 1570.

142 4209 338 4291 οἷυεπίφόονου
374 4209 481 4273 ἕκυτόυ
517 4221 713 4288 ποιοοισχεῖν,
751 4217 782 4274 et
819 4211 863 4273 sio
895 4210 1013 4293 passim
1050 4206 1127 4272 olibi
1158 4227 1330 4292 pronomen

142 4319 339 4402 reciprocum
370 4337 444 4380 oum
476 4319 580 4382 activa
613 4316 715 4381 forma
748 4317 948 4400 componitur
971 4314 1120 4392 πκρέχειν
1145 4313 1268 4399 ἑκυσόν,
1293 4318 1330 4379 ut

142 4422 210 4507 ipsa
232 4427 347 4489 natura
369 4423 500 4508 linguae
525 4421 686 4507 postulat,
710 4442 773 4487 non
795 4418 988 4502 ποιοὲχεσόοιι
1014 4419 1132 4487 ἑκυτόυ.
