3076 5004
722 273 786 342 173

153 464 374 533 emendaveris
394 465 452 546 άφ’
476 465 672 530 laurense
695 471 781 529 THC
805 464 924 543 μερίδος
948 462 1067 530 ὕπατον
1089 467 1254 546 αἱρεθῆναι.
1288 467 1350 534 De·

152 572 219 639 lelo
248 573 380 638 demum
406 575 514 657 inepto
533 569 726 636 emblemate
744 571 1048 651 γνωσιμαχήσαντες
1067 573 1209 661 intelligi
1228 579 1349 659 potest,

153 699 227 744 nam
255 699 339 744 nuno
363 675 523 766 signifieat
546 676 632 741 idem
657 675 741 761 quod
765 675 894 760 ubique.

202 892 284 978 Peg.
310 889 409 956 1742.
441 890 510 962 τοὺς
536 886 732 967 κατέχοντας
757 890 812 958 τῆς
834 888 939 967 χώρας
964 890 1018 963 τὴν
1043 889 1193 966 δημοσίων
1253 891 1352 957 Recte

158 1009 221 1064 AB.
245 1001 301 1071 τίον
324 995 429 1078 χάραν
449 997 503 1070 τὴν
529 993 689 1071 δημοσίαν.

203 1211 285 1299 Pag.
312 1207 409 1275 1746.
433 1205 615 1285 ἠναγκάσθη
637 1208 715 1269 πάσι
736 1203 836 1269 δοῦναι
858 1205 893 1268 τδ
915 1204 1140 1285 παράγγελμα
1159 1217 1215 1282 τῆς
1236 1207 1352 1287 έξύδον,

161 1315 288 1383 Dicitur
318 1313 429 1390 έξιέναι
459 1319 491 1380 et
523 1310 621 1388 ἔξοδος
660 1311 698 1376 de
736 1313 778 1375 iis
815 1313 872 1395 qui
908 1311 948 1376 ad
983 1312 1091 1377 hellam
1118 1315 1354 1398 proficiscuntur

161 1428 218 1488 aut
239 1424 335 1486 hostes
357 1421 572 1503 appodiantur
579 1448 593 1496 ‚·
617 1417 672 1483 sed
691 1417 834 1482 seditiosi
851 1417 974 1482 milites
994 1420 1110 1484 άονκιινν
1130 1422 1229 1487 redire
1246 1426 1354 1510 postu-

33 1578 38 1583 ·
160 1528 287 1608 labant,
311 1530 395 1596 unde
418 1527 535 1610 άφύδου
559 1545 673 1593 verum
696 1544 763 1590 esse
784 1523 990 1613 intelligitur.

206 1743 287 1831 Pag.
314 1739 411 1809 1764.
438 1741 568 1817 πλησίον
591 1743 646 1804 τοῦ
670 1736 811 1818 χάρακος
835 1737 973 1814 ίςάμενοι
998 1739 1152 1817 γυναῖκάς
1176 1766 1208 1805 τε
1235 1741 1354 1829 άπεκά·

163 1864 233 1915 λονν
257 1845 404 1921 άπαντας
429 1849 482 1914 καί
507 1850 576 1919 τοὺς
604 1846 761 1924 ἡγεμόνας
786 1846 887 1910 αὐτῶν
908 1854 970 1918 τοῖς
991 1847 1176 1919 δειλοτάτοις
1197 1851 1256 1913 τῶν
1274 1849 1353 1932 ζῴων

164 1956 303 2040 [ἐοικέναι
336 1955 495 2041 λέγοντες]
529 1953 677 2034 ἐκάκιζον.
724 1952 860 2017 Factum
892 1953 953 2018 hoo
982 1952 1052 2019 looo
1084 1957 1239 2040 estquod
1263 1978 1355 2043 saepe

164 2063 259 2141 alibi,
291 2069 329 2128 ut
360 2061 573 2148 corruptelam
604 2058 808 2144 interpolatio
839 2065 1033 2143 sequeretur.
1079 2061 1128 2126 lis
1157 2069 1271 2128 natura
1293 2063 1356 2129 looi

164 2173 304 2256 suspicor
327 2190 384 2256 pro
407 2169 545 2249 ἐκάκιζον
570 2166 648 2233 olim
674 2165 822 2245 ΕΙΚΑζον
847 2168 1000 2250 seriptum
1026 2167 1123 2232 fuisse
1151 2168 1356 2256 additumque

163 2279 454 2362 interpretationem
489 2273 615 2340 ἐοικέναι
649 2271 755 2349 ἔλεγον
785 2270 901 2336 leviter
923 2278 1084 2338 mutatam
1107 2275 1142 2336 in
1166 2278 1292 2338 textum
1315 2276 1356 2338 ir-

163 2384 304 2468 repsisse.
339 2381 481 2464 Κακίζειν
501 2383 587 2448 enim
607 2385 655 2446 est
674 2381 847 2452 iratorum,
873 2375 1004 2455 εἰκάζειν
1028 2378 1202 2443 deridentis
1226 2384 1259 2444 el
1283 2381 1355 2446 sub-

163 2491 334 2555 sannantis.
383 2489 543 2574 Frequens
574 2492 622 2553 est
652 2491 685 2551 et
714 2486 760 2548 rei
784 2488 816 2547 et
839 2482 928 2547 verbi
952 2483 1037 2568 apud
1061 2480 1199 2549 Graecos
1223 2490 1354 2552 mentio.

162 2594 200 2673 In
228 2595 373 2661 Platonis
404 2593 551 2680 ύροιροιίο
580 2614 654 2680 pag.
687 2589 764 2654 215.
777 2590 803 2652 d.
837 2586 1018 2653 Alcibiades
1041 2589 1080 2653 de
1104 2586 1234 2656 Socrate
1257 2591 1355 2656 dicit:

164 2701 247 2783 Φημί
280 2700 406 2765 έοικέναι
430 2701 524 2765 αύτδν
547 2702 590 2778 τῷ
615 2697 743 2775 Σατύρῳ
768 2697 810 2775 τῷ
835 2694 983 2778 Μαρσύᾳ.
1008 2701 1040 2760 et
1064 2700 1135 2780 post
1158 2717 1259 2781 pauca
1280 2718 1354 2785 pag.

165 2805 240 2873 216.
255 2831 281 2874 ο.
312 2807 469 2872 άκούσατε
500 2810 537 2876 ὡς
569 2804 669 2882 ύμοιάς
701 2805 763 2871 ἕτιν
794 2796 835 2872 οίς
869 2802 930 2878 ἐγὼ
956 2802 1061 2883 ᾔκασα
1084 2803 1188 2868 αὐτόν.
1236 2803 1357 2888 Lepide

163 2914 224 2980 hoe
255 2935 357 3002 genus
388 2915 560 2990 irrisionis,
593 2910 687 2996 quale
719 2911 763 2974 sit
793 2907 932 2973 ostendit
964 2908 1140 2994 Xenophon
1171 2912 1204 2974 in
1228 2911 1355 2996 δρπροι.

163 3018 217 3084 VI.
243 3019 274 3084 9.
299 3021 337 3084 σὺ
362 3021 455 3084 αὐτὸν
479 3022 523 3097 μὴ
546 3016 649 3096 είκαζε
672 3013 721 3080 ίνα
741 3016 786 3091 μὴ
807 3013 860 3078 καὶ
880 3015 918 3079 σὺ
938 3015 1148 3095 λοιδορουμένῳ
1170 3015 1274 3097 ἕοίκρς.
1290 3016 1354 3080 κτὲ.

164 3130 198 3191 et
220 3129 365 3192 omnium
388 3125 586 3212 lepidissime
610 3121 745 3190 (lomioi.
792 3121 1018 3206 Aristophanes
1041 3123 1127 3188 Αοιῖύ.
1153 3120 1229 3188 804.

392 3228 467 3297 οἶσθ’
491 3228 512 3313 ᾧ
537 3229 651 3309 μάλιτ’
676 3229 777 3302 ἔοικας
801 3227 1026 3308 ἐπερομένοις

393 3340 435 3410 είς
459 3337 619 3404 εύπέλειαν
643 3336 715 3417 χηνὶ
740 3335 1027 3414 συγγεγραμμένῳ.

336 3456 369 3509 Β.
395 3444 433 3509 σὺ
457 3444 488 3508 δέ
512 3444 634 3524 κοψίχῳ
658 3466 698 3522 γε
721 3441 856 3522 σκάφιον
879 3441 1125 3522 άποτετιλμένῳ.

332 3561 370 3616 Α.
395 3549 487 3615 ταυτί
513 3549 569 3628 μέν
593 3548 776 3632 ᾐκάσμεσθα
802 3546 889 3612 κατά
914 3547 965 3612 τὸν
993 3545 1169 3627 Αἰσχύλον·

391 3656 461 3722 τάδ’
485 3660 545 3737 οὐχ
569 3655 619 3721 ὑπ’
643 3653 747 3720 ἄλλων
772 3655 861 3719 άλλά
884 3662 946 3723 τοῖς
971 3654 1070 3717 αὐτῶν
1097 3661 1232 3734 πτεροῖς.

166 3769 198 3828 et
219 3763 255 3828 iu
285 3763 396 3847 Vespis.
424 3760 524 3828 1308.

392 3865 450 3934 εἶτ’
476 3869 569 3934 αὐτὸν
592 3871 630 3940 ύς
656 3862 711 3933 εἶδ’
735 3868 849 3949 ᾔκασεν
873 3866 1078 3947 Λνσίςρατος.

393 3973 508 4062 ἔοικας,
532 3973 553 4041 ὦ
579 3973 762 4054 πρεσβῦτα,
788 3971 960 4051 νεοπλούτῳ
984 3971 1074 4052 τρνγὶ

397 4082 526 4164 κλητῆρί
549 4080 581 4146 τ’
608 4083 649 4153 είς
674 4079 817 4160 άχνρμὸν
841 4075 1073 4157 άποδεδρακίτι.

393 4189 407 4252 ί
432 4190 457 4252 δ’
482 4189 665 4268 άναιιραγὼν
691 4187 843 4267 άντςίκασ“
868 4184 962 4249 αύτύν
986 4183 1117 4264 πάρνοπι

395 4295 437 4362 τά
461 4297 526 4376 ύρία
551 4300 602 4361 τοῦ
627 4293 771 4374 τρίβωνος
797 4289 1047 4371 άποβεβλκκύτι.

212 4401 342 4471 Strattis
365 4405 451 4490 apud
473 4403 692 4492 Athenfipag.
718 4397 794 4466 467.
809 4421 836 4464 e.
