<?xml version="1.0" encoding="UTF-8"?>
<!DOCTYPE html PUBLIC "-//W3C//DTD XHTML 1.0 Transitional//EN"
    "http://www.w3.org/TR/xhtml1/DTD/xhtml1-transitional.dtd">
<html xmlns="http://www.w3.org/1999/xhtml" xml:lang="en" lang="en">
 <head>
  <title>
</title>
<meta http-equiv="Content-Type" content="text/html;charset=utf-8" />
  <meta name='ocr-system' content='tesseract 3.04.00' />
  <meta name='ocr-capabilities' content='ocr_page ocr_carea ocr_par ocr_line ocrx_word'/>
</head>
<body>
  <div class='ocr_page' id='page_1' title='image "./observationescr00cobegoog_0242.png"; bbox 0 0 3076 5004; ppageno 0'>
   <div class='ocr_carea' id='block_1_1' title="bbox 736 256 802 333">
    <p class='ocr_par' dir='ltr' id='par_1_1' title="bbox 736 256 802 333">
     <span class='ocr_line' id='line_1_1' title="bbox 736 256 802 333; baseline -0.076 -1"><span class='ocrx_word' id='word_1_1' title='bbox 736 256 802 333; x_wconf 80' lang='grc'><em>214</em></span> 
     </span>
    </p>
   </div>
   <div class='ocr_carea' id='block_1_2' title="bbox 114 413 1367 538">
    <p class='ocr_par' dir='ltr' id='par_1_2' title="bbox 114 413 1367 538">
     <span class='ocr_line' id='line_1_2' title="bbox 114 413 1367 538; baseline 0.006 -22"><span class='ocrx_word' id='word_1_2' title='bbox 114 464 116 468; x_wconf 69' lang='grc'><strong>“</strong></span> <span class='ocrx_word' id='word_1_3' title='bbox 175 413 303 537; x_wconf 72' lang='lat' dir='ltr'>propiet</span> <span class='ocrx_word' id='word_1_4' title='bbox 334 458 347 515; x_wconf 89' lang='lat'>1</span> <span class='ocrx_word' id='word_1_5' title='bbox 379 448 514 538; x_wconf 81' lang='lat' dir='ltr'>longum</span> <span class='ocrx_word' id='word_1_6' title='bbox 543 469 600 536; x_wconf 82' lang='lat' dir='ltr'><em>pro</em></span> <span class='ocrx_word' id='word_1_7' title='bbox 631 451 814 535; x_wconf 77' lang='grc' dir='ltr'><em>ιιατειίφύν.</em></span> <span class='ocrx_word' id='word_1_8' title='bbox 862 451 1053 529; x_wconf 70' lang='lat' dir='ltr'>Rectissime</span> <span class='ocrx_word' id='word_1_9' title='bbox 1084 457 1173 529; x_wconf 68' lang='lat' dir='ltr'>enimss</span> <span class='ocrx_word' id='word_1_10' title='bbox 1203 453 1367 533; x_wconf 67' lang='lat' dir='ltr'><em>dicitius</em></span> 
     </span>
    </p>
   </div>
   <div class='ocr_carea' id='block_1_3' title="bbox 177 558 498 638">
    <p class='ocr_par' dir='ltr' id='par_1_3' title="bbox 177 558 498 638">
     <span class='ocr_line' id='line_1_3' title="bbox 177 558 498 638; baseline -0.009 -16"><span class='ocrx_word' id='word_1_11' title='bbox 177 559 253 638; x_wconf 79' lang='grc' dir='ltr'><em>χιύν</em></span> <span class='ocrx_word' id='word_1_12' title='bbox 277 558 498 637; x_wconf 64' lang='grc' dir='ltr'><em>νατανύφεται.</em></span> 
     </span>
    </p>
   </div>
   <div class='ocr_carea' id='block_1_4' title="bbox 172 764 1370 1168">
    <p class='ocr_par' dir='ltr' id='par_1_4' title="bbox 172 764 1370 1168">
     <span class='ocr_line' id='line_1_4' title="bbox 222 764 1370 855; baseline 0.004 -22"><span class='ocrx_word' id='word_1_13' title='bbox 222 769 303 854; x_wconf 86' lang='lat' dir='ltr'>Peg.</span> <span class='ocrx_word' id='word_1_14' title='bbox 329 764 405 831; x_wconf 88' lang='grc'><strong>186.</strong></span> <span class='ocrx_word' id='word_1_15' title='bbox 428 766 584 852; x_wconf 82' lang='lat' dir='ltr'>haruspex</span> <span class='ocrx_word' id='word_1_16' title='bbox 607 765 760 832; x_wconf 73' lang='lat' dir='ltr'>Etruscus</span> <span class='ocrx_word' id='word_1_17' title='bbox 783 768 1042 855; x_wconf 78' lang='lat' dir='ltr'>indignabundus</span> <span class='ocrx_word' id='word_1_18' title='bbox 1065 771 1104 837; x_wconf 86' lang='lat' dir='ltr'><em>ad</em></span> <span class='ocrx_word' id='word_1_19' title='bbox 1127 771 1282 838; x_wconf 80' lang='lat' dir='ltr'>Senatum</span> <span class='ocrx_word' id='word_1_20' title='bbox 1306 773 1370 839; x_wconf 89' lang='lat' dir='ltr'><em>Re-</em></span> 
     </span>
     <span class='ocr_line' id='line_1_5' title="bbox 178 870 1370 957; baseline 0.004 -18"><span class='ocrx_word' id='word_1_21' title='bbox 178 893 311 940; x_wconf 88' lang='lat' dir='ltr'>manum</span> <span class='ocrx_word' id='word_1_22' title='bbox 333 876 381 938; x_wconf 79' lang='lat' dir='ltr'><em>ita</em></span> <span class='ocrx_word' id='word_1_23' title='bbox 403 873 498 938; x_wconf 80' lang='lat' dir='ltr'>dicit:</span> <span class='ocrx_word' id='word_1_24' title='bbox 523 873 636 951; x_wconf 82' lang='grc' dir='ltr'><em>καλύν,</em></span> <span class='ocrx_word' id='word_1_25' title='bbox 661 870 682 936; x_wconf 82' lang='grc' dir='ltr'><strong><em>ὦ</em></strong></span> <span class='ocrx_word' id='word_1_26' title='bbox 706 876 869 951; x_wconf 84' lang='grc' dir='ltr'><em>Ῥωμαῖοι,</em></span> <span class='ocrx_word' id='word_1_27' title='bbox 895 875 1002 954; x_wconf 75' lang='grc' dir='ltr'><em>δύγμα</em></span> <span class='ocrx_word' id='word_1_28' title='bbox 1024 874 1239 957; x_wconf 78' lang='grc' dir='ltr'><em>ἕξειννύχατε.</em></span> <span class='ocrx_word' id='word_1_29' title='bbox 1275 879 1370 945; x_wconf 76' lang='lat' dir='ltr'>Exci-</span> 
     </span>
     <span class='ocr_line' id='line_1_6' title="bbox 172 978 1363 1068; baseline 0.003 -22"><span class='ocrx_word' id='word_1_30' title='bbox 172 981 221 1046; x_wconf 81' lang='lat' dir='ltr'><em>dit</em></span> <span class='ocrx_word' id='word_1_31' title='bbox 250 978 426 1066; x_wconf 81' lang='lat' dir='ltr'>particula,</span> <span class='ocrx_word' id='word_1_32' title='bbox 458 999 539 1062; x_wconf 83' lang='lat' dir='ltr'>quae</span> <span class='ocrx_word' id='word_1_33' title='bbox 569 981 603 1043; x_wconf 86' lang='lat' dir='ltr'><em>in</em></span> <span class='ocrx_word' id='word_1_34' title='bbox 636 981 756 1044; x_wconf 84' lang='lat' dir='ltr'>ironica</span> <span class='ocrx_word' id='word_1_35' title='bbox 789 983 930 1047; x_wconf 83' lang='lat' dir='ltr'>oratione</span> <span class='ocrx_word' id='word_1_36' title='bbox 965 1003 1143 1068; x_wconf 84' lang='lat' dir='ltr'>numquam</span> <span class='ocrx_word' id='word_1_37' title='bbox 1177 985 1363 1051; x_wconf 80' lang='lat' dir='ltr'>omittitur:</span> 
     </span>
     <span class='ocr_line' id='line_1_7' title="bbox 177 1081 588 1168; baseline -0.01 -16"><span class='ocrx_word' id='word_1_38' title='bbox 177 1088 273 1152; x_wconf 77' lang='grc' dir='ltr'><em>καλόν</em></span> <span class='ocrx_word' id='word_1_39' title='bbox 296 1093 365 1168; x_wconf 79' lang='grc' dir='ltr'><em>ΓΕ,</em></span> <span class='ocrx_word' id='word_1_40' title='bbox 389 1081 410 1147; x_wconf 86' lang='grc' dir='ltr'><em>ὐ</em></span> <span class='ocrx_word' id='word_1_41' title='bbox 434 1087 588 1162; x_wconf 80' lang='grc' dir='ltr'><em>Ῥωμαῖοι.</em></span> 
     </span>
    </p>
   </div>
   <div class='ocr_carea' id='block_1_5' title="bbox 176 1293 1372 1894">
    <p class='ocr_par' dir='ltr' id='par_1_5' title="bbox 176 1293 1372 1894">
     <span class='ocr_line' id='line_1_8' title="bbox 222 1293 1370 1387; baseline 0.003 -25"><span class='ocrx_word' id='word_1_42' title='bbox 222 1298 303 1387; x_wconf 84' lang='lat' dir='ltr'>Pag.</span> <span class='ocrx_word' id='word_1_43' title='bbox 338 1295 414 1362; x_wconf 88' lang='grc'><em>192.</em></span> <span class='ocrx_word' id='word_1_44' title='bbox 444 1293 639 1368; x_wconf 78' lang='grc' dir='ltr'><em>Ἐπύιιονσαν</em></span> <span class='ocrx_word' id='word_1_45' title='bbox 672 1293 703 1358; x_wconf 77' lang='grc' dir='ltr'><em>δὲ</em></span> <span class='ocrx_word' id='word_1_46' title='bbox 730 1295 825 1359; x_wconf 81' lang='grc' dir='ltr'><em>αὐτοῦ</em></span> <span class='ocrx_word' id='word_1_47' title='bbox 850 1304 920 1366; x_wconf 88' lang='grc' dir='ltr'><em>ταῖς</em></span> <span class='ocrx_word' id='word_1_48' title='bbox 944 1297 1058 1379; x_wconf 81' lang='grc' dir='ltr'><em>εὐχαῖς</em></span> <span class='ocrx_word' id='word_1_49' title='bbox 1082 1299 1107 1363; x_wconf 82' lang='grc' dir='ltr'><em>οῖ</em></span> <span class='ocrx_word' id='word_1_50' title='bbox 1132 1296 1207 1364; x_wconf 71' lang='grc' dir='ltr'><em>θεοῖ.</em></span> <span class='ocrx_word' id='word_1_51' title='bbox 1255 1300 1370 1364; x_wconf 84' lang='lat' dir='ltr'>Prima</span> 
     </span>
     <span class='ocr_line' id='line_1_9' title="bbox 176 1393 1372 1485; baseline 0.002 -15"><span class='ocrx_word' id='word_1_52' title='bbox 176 1404 270 1470; x_wconf 83' lang='lat' dir='ltr'>litera</span> <span class='ocrx_word' id='word_1_53' title='bbox 301 1393 422 1469; x_wconf 86' lang='lat' dir='ltr'>vitium</span> <span class='ocrx_word' id='word_1_54' title='bbox 453 1402 605 1485; x_wconf 82' lang='lat' dir='ltr'>concepit.</span> <span class='ocrx_word' id='word_1_55' title='bbox 655 1399 731 1464; x_wconf 75' lang='lat' dir='ltr'>Erat</span> <span class='ocrx_word' id='word_1_56' title='bbox 761 1402 796 1465; x_wconf 90' lang='lat' dir='ltr'><em>in</em></span> <span class='ocrx_word' id='word_1_57' title='bbox 826 1400 918 1467; x_wconf 86' lang='lat' dir='ltr'>libris</span> <span class='ocrx_word' id='word_1_58' title='bbox 950 1405 988 1468; x_wconf 92' lang='lat' dir='ltr'><em>de</em></span> <span class='ocrx_word' id='word_1_59' title='bbox 1019 1423 1107 1469; x_wconf 89' lang='lat' dir='ltr'>more</span> <span class='ocrx_word' id='word_1_60' title='bbox 1137 1407 1170 1469; x_wconf 93' lang='lat' dir='ltr'><em>in</em></span> <span class='ocrx_word' id='word_1_61' title='bbox 1192 1408 1372 1472; x_wconf 76' lang='lat' dir='ltr'>sententiae</span> 
     </span>
     <span class='ocr_line' id='line_1_10' title="bbox 176 1505 1370 1595; baseline 0.001 -19"><span class='ocrx_word' id='word_1_62' title='bbox 176 1513 285 1576; x_wconf 79' lang='lat' dir='ltr'>initio:</span> <span class='ocrx_word' id='word_1_63' title='bbox 308 1510 328 1550; x_wconf 71' lang='lat'><em>*¹</em></span> <span class='ocrx_word' id='word_1_64' title='bbox 340 1511 511 1583; x_wconf 75' lang='grc' dir='ltr'><em>τήκουσαι,</em></span> <span class='ocrx_word' id='word_1_65' title='bbox 531 1505 702 1591; x_wconf 77' lang='lat' dir='ltr'>quoderat</span> <span class='ocrx_word' id='word_1_66' title='bbox 721 1505 934 1591; x_wconf 88' lang='lat' dir='ltr'>supplendum</span> <span class='ocrx_word' id='word_1_67' title='bbox 955 1509 1148 1595; x_wconf 71' lang='grc' dir='ltr'><strong><em>ὑπήκουσαν,</em></strong></span> <span class='ocrx_word' id='word_1_68' title='bbox 1169 1532 1245 1576; x_wconf 86' lang='lat' dir='ltr'><em>nem</em></span> <span class='ocrx_word' id='word_1_69' title='bbox 1265 1511 1370 1583; x_wconf 80' lang='lat' dir='ltr'>solent</span> 
     </span>
     <span class='ocr_line' id='line_1_11' title="bbox 178 1614 1369 1697; baseline 0 -14"><span class='ocrx_word' id='word_1_70' title='bbox 178 1614 292 1683; x_wconf 81' lang='lat' dir='ltr'>Graeci</span> <span class='ocrx_word' id='word_1_71' title='bbox 321 1636 431 1682; x_wconf 87' lang='lat' dir='ltr'>omncs</span> <span class='ocrx_word' id='word_1_72' title='bbox 461 1615 566 1679; x_wconf 85' lang='lat' dir='ltr'>dicere</span> <span class='ocrx_word' id='word_1_73' title='bbox 596 1618 652 1678; x_wconf 77' lang='lat' dir='ltr'><em>aui</em></span> <span class='ocrx_word' id='word_1_74' title='bbox 684 1614 847 1677; x_wconf 75' lang='grc' dir='ltr'><em>ὑπακούειν</em></span> <span class='ocrx_word' id='word_1_75' title='bbox 870 1622 941 1685; x_wconf 88' lang='grc' dir='ltr'><em>ταῖς</em></span> <span class='ocrx_word' id='word_1_76' title='bbox 965 1616 1078 1697; x_wconf 86' lang='grc' dir='ltr'><em>εὐχαῖς</em></span> <span class='ocrx_word' id='word_1_77' title='bbox 1103 1623 1160 1682; x_wconf 77' lang='lat' dir='ltr'><em>aui</em></span> <span class='ocrx_word' id='word_1_78' title='bbox 1182 1623 1241 1682; x_wconf 75' lang='grc' dir='ltr'><em>τοῖν</em></span> <span class='ocrx_word' id='word_1_79' title='bbox 1265 1620 1369 1697; x_wconf 81' lang='grc' dir='ltr'><em>εὐχῶν</em></span> 
     </span>
     <span class='ocr_line' id='line_1_12' title="bbox 176 1717 1368 1806; baseline 0.001 -18"><span class='ocrx_word' id='word_1_80' title='bbox 176 1724 370 1788; x_wconf 67' lang='grc' dir='ltr'><em>’ἐπακούειν</em></span> <span class='ocrx_word' id='word_1_81' title='bbox 403 1721 444 1789; x_wconf 83' lang='lat' dir='ltr'><em>cf.</em></span> <span class='ocrx_word' id='word_1_82' title='bbox 478 1741 553 1806; x_wconf 85' lang='lat' dir='ltr'>pag.</span> <span class='ocrx_word' id='word_1_83' title='bbox 587 1717 664 1786; x_wconf 87' lang='lat'>188.</span> <span class='ocrx_word' id='word_1_84' title='bbox 700 1720 737 1790; x_wconf 86' lang='grc' dir='ltr'><em>ὐς</em></span> <span class='ocrx_word' id='word_1_85' title='bbox 770 1719 984 1801; x_wconf 79' lang='grc' dir='ltr'><em>ύπακνιιούτων</em></span> <span class='ocrx_word' id='word_1_86' title='bbox 1017 1724 1110 1786; x_wconf 84' lang='grc' dir='ltr'><em>αὐτοῦ</em></span> <span class='ocrx_word' id='word_1_87' title='bbox 1149 1731 1220 1795; x_wconf 90' lang='grc' dir='ltr'><em>ταῖς</em></span> <span class='ocrx_word' id='word_1_88' title='bbox 1243 1719 1368 1803; x_wconf 55' lang='grc' dir='ltr'><em>ἐὐχαῖς</em></span> 
     </span>
     <span class='ocr_line' id='line_1_13' title="bbox 176 1830 337 1894; baseline -0.012 -1"><span class='ocrx_word' id='word_1_89' title='bbox 176 1835 234 1894; x_wconf 81' lang='grc' dir='ltr'><em>τῶν</em></span> <span class='ocrx_word' id='word_1_90' title='bbox 257 1830 337 1893; x_wconf 75' lang='grc' dir='ltr'><em>θεῶν.</em></span> 
     </span>
    </p>
   </div>
   <div class='ocr_carea' id='block_1_6' title="bbox 176 2032 1368 2649">
    <p class='ocr_par' dir='ltr' id='par_1_6' title="bbox 176 2032 1368 2649">
     <span class='ocr_line' id='line_1_14' title="bbox 222 2032 1368 2124; baseline 0.001 -22"><span class='ocrx_word' id='word_1_91' title='bbox 222 2037 303 2124; x_wconf 86' lang='lat' dir='ltr'>Pag.</span> <span class='ocrx_word' id='word_1_92' title='bbox 332 2033 409 2099; x_wconf 86' lang='lat'>202.</span> <span class='ocrx_word' id='word_1_93' title='bbox 442 2033 477 2097; x_wconf 87' lang='grc' dir='ltr'><em>τδ</em></span> <span class='ocrx_word' id='word_1_94' title='bbox 509 2032 571 2111; x_wconf 76' lang='grc' dir='ltr'><em>μύρ</em></span> <span class='ocrx_word' id='word_1_95' title='bbox 601 2033 780 2108; x_wconf 74' lang='grc' dir='ltr'><em>Ἑλληνικὸν</em></span> <span class='ocrx_word' id='word_1_96' title='bbox 811 2037 864 2100; x_wconf 88' lang='grc' dir='ltr'><em>οὐκ</em></span> <span class='ocrx_word' id='word_1_97' title='bbox 887 2035 1013 2113; x_wconf 84' lang='grc' dir='ltr'><em>ὐνύματι</em></span> <span class='ocrx_word' id='word_1_98' title='bbox 1034 2037 1188 2118; x_wconf 81' lang='grc' dir='ltr'><em>διαφέρειν</em></span> <span class='ocrx_word' id='word_1_99' title='bbox 1210 2044 1264 2104; x_wconf 82' lang='grc' dir='ltr'><em>τού</em></span> <span class='ocrx_word' id='word_1_100' title='bbox 1289 2040 1368 2118; x_wconf 84' lang='grc' dir='ltr'><em>βαρ-</em></span> 
     </span>
     <span class='ocr_line' id='line_1_15' title="bbox 176 2139 1367 2225; baseline 0 -18"><span class='ocrx_word' id='word_1_101' title='bbox 176 2143 274 2223; x_wconf 71' lang='grc' dir='ltr'><em>βάρου</em></span> <span class='ocrx_word' id='word_1_102' title='bbox 308 2139 601 2217; x_wconf 74' lang='grc' dir='ltr'><em>ἦξῖοιιν-μοὶλιςα</em></span> <span class='ocrx_word' id='word_1_103' title='bbox 633 2140 664 2203; x_wconf 75' lang='grc' dir='ltr'><em>δὲ</em></span> <span class='ocrx_word' id='word_1_104' title='bbox 695 2143 736 2220; x_wconf 71' lang='grc' dir='ltr'><em>τῷ</em></span> <span class='ocrx_word' id='word_1_105' title='bbox 767 2140 862 2218; x_wconf 70' lang='grc' dir='ltr'><em>μηδὲν</em></span> <span class='ocrx_word' id='word_1_106' title='bbox 892 2145 952 2207; x_wconf 77' lang='grc' dir='ltr'><em>τῶν</em></span> <span class='ocrx_word' id='word_1_107' title='bbox 984 2145 1057 2225; x_wconf 79' lang='grc' dir='ltr'><em>ὑπὲρ</em></span> <span class='ocrx_word' id='word_1_108' title='bbox 1093 2149 1147 2219; x_wconf 76' lang='grc' dir='ltr'><em>τύιν</em></span> <span class='ocrx_word' id='word_1_109' title='bbox 1182 2148 1367 2225; x_wconf 69' lang='grc' dir='ltr'><em>ἀνθρωπίνην</em></span> 
     </span>
     <span class='ocr_line' id='line_1_16' title="bbox 179 2247 1367 2335; baseline 0.005 -25"><span class='ocrx_word' id='word_1_110' title='bbox 179 2248 275 2328; x_wconf 84' lang='grc' dir='ltr'><em>φύσιν</em></span> <span class='ocrx_word' id='word_1_111' title='bbox 302 2247 401 2331; x_wconf 76' lang='grc' dir='ltr'><em>(πρὸς)</em></span> <span class='ocrx_word' id='word_1_112' title='bbox 426 2247 582 2317; x_wconf 72' lang='grc' dir='ltr'><em>ἀλλήλους</em></span> <span class='ocrx_word' id='word_1_113' title='bbox 608 2255 808 2324; x_wconf 80' lang='grc' dir='ltr'><em>παρανομεῖν.</em></span> <span class='ocrx_word' id='word_1_114' title='bbox 843 2247 955 2314; x_wconf 84' lang='lat' dir='ltr'>Editor</span> <span class='ocrx_word' id='word_1_115' title='bbox 978 2250 1015 2315; x_wconf 91' lang='lat' dir='ltr'><em>de</em></span> <span class='ocrx_word' id='word_1_116' title='bbox 1038 2272 1095 2317; x_wconf 87' lang='lat' dir='ltr'><em>suo</em></span> <span class='ocrx_word' id='word_1_117' title='bbox 1118 2251 1190 2330; x_wconf 80' lang='grc' dir='ltr'><em>πρύς</em></span> <span class='ocrx_word' id='word_1_118' title='bbox 1214 2253 1367 2335; x_wconf 76' lang='lat' dir='ltr'>inseruit,</span> 
     </span>
     <span class='ocr_line' id='line_1_17' title="bbox 179 2355 1368 2444; baseline 0.002 -24"><span class='ocrx_word' id='word_1_119' title='bbox 179 2355 234 2421; x_wconf 91' lang='lat' dir='ltr'><em>sed</em></span> <span class='ocrx_word' id='word_1_120' title='bbox 266 2361 455 2435; x_wconf 79' lang='grc' dir='ltr'><em>παρανομεῖν</em></span> <span class='ocrx_word' id='word_1_121' title='bbox 485 2358 595 2437; x_wconf 86' lang='lat' dir='ltr'>suapte</span> <span class='ocrx_word' id='word_1_122' title='bbox 626 2356 739 2417; x_wconf 82' lang='lat' dir='ltr'>natura</span> <span class='ocrx_word' id='word_1_123' title='bbox 771 2374 895 2440; x_wconf 86' lang='lat' dir='ltr'>semper</span> <span class='ocrx_word' id='word_1_124' title='bbox 917 2362 950 2419; x_wconf 85' lang='lat' dir='ltr'><em>et</em></span> <span class='ocrx_word' id='word_1_125' title='bbox 971 2357 1089 2441; x_wconf 89' lang='lat' dir='ltr'>ubique</span> <span class='ocrx_word' id='word_1_126' title='bbox 1112 2379 1186 2423; x_wconf 93' lang='lat' dir='ltr'><em>cum</em></span> <span class='ocrx_word' id='word_1_127' title='bbox 1210 2359 1368 2444; x_wconf 86' lang='lat' dir='ltr'>praeposi·</span> 
     </span>
     <span class='ocr_line' id='line_1_18' title="bbox 176 2458 1367 2548; baseline 0.003 -23"><span class='ocrx_word' id='word_1_128' title='bbox 176 2463 262 2526; x_wconf 85' lang='lat' dir='ltr'>tione</span> <span class='ocrx_word' id='word_1_129' title='bbox 291 2461 334 2532; x_wconf 78' lang='grc' dir='ltr'><em>εἰς</em></span> <span class='ocrx_word' id='word_1_130' title='bbox 358 2460 573 2546; x_wconf 78' lang='lat' dir='ltr'>coniungitur.</span> <span class='ocrx_word' id='word_1_131' title='bbox 619 2458 789 2524; x_wconf 80' lang='lat' dir='ltr'>Praeterea</span> <span class='ocrx_word' id='word_1_132' title='bbox 812 2462 933 2548; x_wconf 76' lang='lat' dir='ltr'>corrige</span> <span class='ocrx_word' id='word_1_133' title='bbox 956 2467 1014 2526; x_wconf 81' lang='grc' dir='ltr'><em>τῶν</em></span> <span class='ocrx_word' id='word_1_134' title='bbox 1038 2473 1151 2529; x_wconf 81' lang='grc' dir='ltr'>ΠΑΡΑ</span> <span class='ocrx_word' id='word_1_135' title='bbox 1177 2464 1231 2537; x_wconf 70' lang='grc' dir='ltr'><em>πῖον</em></span> <span class='ocrx_word' id='word_1_136' title='bbox 1257 2464 1367 2544; x_wconf 83' lang='grc' dir='ltr'><em>ὐνύρω-</em></span> 
     </span>
     <span class='ocr_line' id='line_1_19' title="bbox 176 2568 392 2649; baseline -0.014 -16"><span class='ocrx_word' id='word_1_137' title='bbox 176 2570 265 2642; x_wconf 76' lang='grc' dir='ltr'><em>πίννν</em></span> <span class='ocrx_word' id='word_1_138' title='bbox 285 2568 392 2649; x_wconf 83' lang='grc' dir='ltr'><em>Φύσιν.</em></span> 
     </span>
    </p>
   </div>
   <div class='ocr_carea' id='block_1_7' title="bbox 175 2772 1369 3268">
    <p class='ocr_par' dir='ltr' id='par_1_7' title="bbox 175 2772 1369 3268">
     <span class='ocr_line' id='line_1_20' title="bbox 220 2772 1368 2864; baseline 0.009 -30"><span class='ocrx_word' id='word_1_139' title='bbox 220 2775 301 2864; x_wconf 79' lang='lat' dir='ltr'>Pag.</span> <span class='ocrx_word' id='word_1_140' title='bbox 333 2772 411 2839; x_wconf 89' lang='grc'><em>206.</em></span> <span class='ocrx_word' id='word_1_141' title='bbox 444 2772 752 2854; x_wconf 80' lang='grc' dir='ltr'><em>περιολιπύλῐνύντων</em></span> <span class='ocrx_word' id='word_1_142' title='bbox 783 2781 853 2847; x_wconf 90' lang='grc' dir='ltr'><em>ταῖς</em></span> <span class='ocrx_word' id='word_1_143' title='bbox 879 2777 998 2854; x_wconf 79' lang='grc' dir='ltr'><em>λαβαῖς</em></span> <span class='ocrx_word' id='word_1_144' title='bbox 1023 2784 1082 2843; x_wconf 83' lang='grc' dir='ltr'><em>πιῖν</em></span> <span class='ocrx_word' id='word_1_145' title='bbox 1104 2777 1274 2844; x_wconf 76' lang='grc' dir='ltr'><em>δακτύλων.</em></span> <span class='ocrx_word' id='word_1_146' title='bbox 1311 2777 1368 2844; x_wconf 79' lang='lat' dir='ltr'><em>Vi-</em></span> 
     </span>
     <span class='ocr_line' id='line_1_21' title="bbox 176 2883 1369 2968; baseline -0.002 -18"><span class='ocrx_word' id='word_1_147' title='bbox 176 2887 258 2950; x_wconf 78' lang='lat' dir='ltr'>tiosa</span> <span class='ocrx_word' id='word_1_148' title='bbox 288 2883 391 2948; x_wconf 76' lang='lat' dir='ltr'>forma</span> <span class='ocrx_word' id='word_1_149' title='bbox 422 2888 470 2946; x_wconf 84' lang='lat' dir='ltr'><em>est</em></span> <span class='ocrx_word' id='word_1_150' title='bbox 497 2886 529 2946; x_wconf 78' lang='lat' dir='ltr'><em>et</em></span> <span class='ocrx_word' id='word_1_151' title='bbox 552 2883 653 2945; x_wconf 81' lang='lat' dir='ltr'>scrius</span> <span class='ocrx_word' id='word_1_152' title='bbox 675 2886 750 2946; x_wconf 77' lang='lat' dir='ltr'>nata</span> <span class='ocrx_word' id='word_1_153' title='bbox 773 2902 829 2968; x_wconf 90' lang='lat' dir='ltr'><em>pro</em></span> <span class='ocrx_word' id='word_1_154' title='bbox 853 2885 1154 2962; x_wconf 79' lang='grc' dir='ltr'><em>περιολιούλνύντων.</em></span> <span class='ocrx_word' id='word_1_155' title='bbox 1203 2885 1296 2950; x_wconf 86' lang='lat' dir='ltr'>Nihil</span> <span class='ocrx_word' id='word_1_156' title='bbox 1319 2889 1369 2950; x_wconf 76' lang='lat' dir='ltr'><em>est</em></span> 
     </span>
     <span class='ocr_line' id='line_1_22' title="bbox 177 2987 1369 3076; baseline -0.001 -21"><span class='ocrx_word' id='word_1_157' title='bbox 177 2991 237 3056; x_wconf 89' lang='lat' dir='ltr'><em>hoc</em></span> <span class='ocrx_word' id='word_1_158' title='bbox 266 2988 381 3055; x_wconf 88' lang='lat' dir='ltr'>mendo</span> <span class='ocrx_word' id='word_1_159' title='bbox 413 2991 448 3052; x_wconf 87' lang='lat' dir='ltr'><em>in</em></span> <span class='ocrx_word' id='word_1_160' title='bbox 477 2987 568 3051; x_wconf 89' lang='lat' dir='ltr'>libris</span> <span class='ocrx_word' id='word_1_161' title='bbox 595 2987 792 3071; x_wconf 79' lang='lat' dir='ltr'>frequentius</span> <span class='ocrx_word' id='word_1_162' title='bbox 824 2994 856 3053; x_wconf 78' lang='lat' dir='ltr'><em>ct</em></span> <span class='ocrx_word' id='word_1_163' title='bbox 887 3008 958 3054; x_wconf 89' lang='lat' dir='ltr'>raro</span> <span class='ocrx_word' id='word_1_164' title='bbox 986 2997 1113 3055; x_wconf 79' lang='lat' dir='ltr'>tantum</span> <span class='ocrx_word' id='word_1_165' title='bbox 1147 2992 1258 3076; x_wconf 77' lang='lat' dir='ltr'>(eiiam</span> <span class='ocrx_word' id='word_1_166' title='bbox 1282 2991 1369 3076; x_wconf 86' lang='lat' dir='ltr'>apud</span> 
     </span>
     <span class='ocr_line' id='line_1_23' title="bbox 175 3077 1368 3183; baseline -0.002 -21"><span class='ocrx_word' id='word_1_167' title='bbox 175 3097 296 3183; x_wconf 72' lang='lat' dir='ltr'>podiae)</span> <span class='ocrx_word' id='word_1_168' title='bbox 327 3093 473 3160; x_wconf 70' lang='lat' dir='ltr'><em>dirodoino&gt;</em></span> <span class='ocrx_word' id='word_1_169' title='bbox 506 3113 580 3158; x_wconf 88' lang='lat' dir='ltr'><em>cum</em></span> <span class='ocrx_word' id='word_1_170' title='bbox 612 3095 795 3178; x_wconf 76' lang='lat' dir='ltr'>compositis</span> <span class='ocrx_word' id='word_1_171' title='bbox 822 3096 979 3160; x_wconf 79' lang='lat' dir='ltr'>iniectum</span> <span class='ocrx_word' id='word_1_172' title='bbox 1004 3117 1043 3161; x_wconf 83' lang='lat' dir='ltr'><em>ex</em></span> <span class='ocrx_word' id='word_1_173' title='bbox 1065 3077 1241 3162; x_wconf 83' lang='lat' dir='ltr'>scribarum</span> <span class='ocrx_word' id='word_1_174' title='bbox 1264 3097 1368 3162; x_wconf 87' lang='lat' dir='ltr'>mani·</span> 
     </span>
     <span class='ocr_line' id='line_1_24' title="bbox 175 3201 408 3268; baseline -0.017 0"><span class='ocrx_word' id='word_1_175' title='bbox 175 3203 236 3268; x_wconf 90' lang='lat' dir='ltr'><em>bus</em></span> <span class='ocrx_word' id='word_1_176' title='bbox 259 3201 408 3267; x_wconf 78' lang='lat' dir='ltr'>elabitur.</span> 
     </span>
    </p>
   </div>
   <div class='ocr_carea' id='block_1_8' title="bbox 176 3405 1366 3817">
    <p class='ocr_par' dir='ltr' id='par_1_8' title="bbox 176 3405 1366 3817">
     <span class='ocr_line' id='line_1_25' title="bbox 219 3405 1366 3499; baseline 0.008 -25"><span class='ocrx_word' id='word_1_177' title='bbox 219 3413 298 3499; x_wconf 86' lang='lat' dir='ltr'>Peg.</span> <span class='ocrx_word' id='word_1_178' title='bbox 331 3407 407 3476; x_wconf 85' lang='lat'>207.</span> <span class='ocrx_word' id='word_1_179' title='bbox 441 3408 506 3472; x_wconf 80' lang='grc' dir='ltr'><em>ε’πεδ</em></span> <span class='ocrx_word' id='word_1_180' title='bbox 539 3409 667 3484; x_wconf 74' lang='grc' dir='ltr'><em>οὐδεμία</em></span> <span class='ocrx_word' id='word_1_181' title='bbox 699 3405 816 3482; x_wconf 76' lang='grc' dir='ltr'><em>τούτοις</em></span> <span class='ocrx_word' id='word_1_182' title='bbox 853 3412 1000 3488; x_wconf 74' lang='grc' dir='ltr'><em>σωτηρίας</em></span> <span class='ocrx_word' id='word_1_183' title='bbox 1037 3413 1125 3486; x_wconf 76' lang='grc' dir='ltr'><em>ἐλπὶς</em></span> <span class='ocrx_word' id='word_1_184' title='bbox 1160 3415 1366 3483; x_wconf 76' lang='grc' dir='ltr'><em>ὑπολείπεται</em></span> 
     </span>
     <span class='ocr_line' id='line_1_26' title="bbox 177 3514 1365 3609; baseline 0.005 -26"><span class='ocrx_word' id='word_1_185' title='bbox 177 3517 407 3600; x_wconf 77' lang='grc' dir='ltr'><em>ἐπρεσβεύοντο.</em></span> <span class='ocrx_word' id='word_1_186' title='bbox 443 3514 522 3602; x_wconf 80' lang='lat' dir='ltr'>Lug.</span> <span class='ocrx_word' id='word_1_187' title='bbox 556 3515 751 3580; x_wconf 75' lang='grc' dir='ltr'><em>ὑπελείπετο.</em></span> <span class='ocrx_word' id='word_1_188' title='bbox 785 3520 817 3582; x_wconf 78' lang='lat' dir='ltr'><em>ei</em></span> <span class='ocrx_word' id='word_1_189' title='bbox 839 3522 911 3601; x_wconf 78' lang='lat' dir='ltr'>post</span> <span class='ocrx_word' id='word_1_190' title='bbox 933 3540 1034 3605; x_wconf 84' lang='lat' dir='ltr'>pauca</span> <span class='ocrx_word' id='word_1_191' title='bbox 1056 3521 1069 3584; x_wconf 83' lang='lat' dir='ltr'>i</span> <span class='ocrx_word' id='word_1_192' title='bbox 1095 3523 1288 3601; x_wconf 64' lang='grc' dir='ltr'><em>πρεσβευτής</em></span> <span class='ocrx_word' id='word_1_193' title='bbox 1307 3544 1365 3609; x_wconf 89' lang='lat' dir='ltr'><em>pro</em></span> 
     </span>
     <span class='ocr_line' id='line_1_27' title="bbox 177 3620 1365 3716; baseline 0.006 -28"><span class='ocrx_word' id='word_1_194' title='bbox 177 3626 191 3690; x_wconf 81' lang='grc' dir='ltr'>ὁ</span> <span class='ocrx_word' id='word_1_195' title='bbox 222 3621 449 3704; x_wconf 83' lang='grc' dir='ltr'><em>πρεσβύτατος.</em></span> <span class='ocrx_word' id='word_1_196' title='bbox 497 3620 619 3687; x_wconf 86' lang='lat' dir='ltr'>Deinde</span> <span class='ocrx_word' id='word_1_197' title='bbox 653 3642 692 3686; x_wconf 86' lang='lat' dir='ltr'><em>ex</em></span> <span class='ocrx_word' id='word_1_198' title='bbox 725 3621 816 3686; x_wconf 87' lang='lat' dir='ltr'>libris</span> <span class='ocrx_word' id='word_1_199' title='bbox 850 3625 1080 3692; x_wconf 78' lang='lat' dir='ltr'>revocandum:</span> <span class='ocrx_word' id='word_1_200' title='bbox 1115 3627 1264 3707; x_wconf 78' lang='grc' dir='ltr'><em>βέβαιΟΙ</em></span> <span class='ocrx_word' id='word_1_201' title='bbox 1296 3628 1365 3716; x_wconf 79' lang='lat' dir='ltr'>(pro</span> 
     </span>
     <span class='ocr_line' id='line_1_28' title="bbox 176 3725 932 3817; baseline 0 -22"><span class='ocrx_word' id='word_1_202' title='bbox 176 3729 330 3817; x_wconf 76' lang='grc' dir='ltr'><em>βεβαίως)</em></span> <span class='ocrx_word' id='word_1_203' title='bbox 356 3729 406 3794; x_wconf 77' lang='grc' dir='ltr'><em>διδ</em></span> <span class='ocrx_word' id='word_1_204' title='bbox 430 3731 547 3800; x_wconf 82' lang='grc' dir='ltr'><em>παντὸς</em></span> <span class='ocrx_word' id='word_1_205' title='bbox 571 3727 643 3805; x_wconf 83' lang='grc' dir='ltr'><em>ὑμῖν</em></span> <span class='ocrx_word' id='word_1_206' title='bbox 669 3725 809 3805; x_wconf 70' lang='grc' dir='ltr'><em>ἐσόμεθα</em></span> <span class='ocrx_word' id='word_1_207' title='bbox 834 3729 932 3810; x_wconf 73' lang='grc' dir='ltr'><em>φίλοι.</em></span> 
     </span>
    </p>
   </div>
   <div class='ocr_carea' id='block_1_9' title="bbox 175 3938 1363 4241">
    <p class='ocr_par' dir='ltr' id='par_1_9' title="bbox 175 3938 1363 4241">
     <span class='ocr_line' id='line_1_29' title="bbox 221 3938 1363 4028; baseline 0.005 -24"><span class='ocrx_word' id='word_1_208' title='bbox 221 3940 300 4028; x_wconf 88' lang='lat' dir='ltr'>Pag.</span> <span class='ocrx_word' id='word_1_209' title='bbox 326 3938 404 4005; x_wconf 90' lang='lat'>211.</span> <span class='ocrx_word' id='word_1_210' title='bbox 426 3944 598 4005; x_wconf 86' lang='grc' dir='ltr'><em>τοσούτΟΝ</em></span> <span class='ocrx_word' id='word_1_211' title='bbox 621 3940 759 4014; x_wconf 73' lang='grc' dir='ltr'><em>δεήσονπι</em></span> <span class='ocrx_word' id='word_1_212' title='bbox 783 3947 966 4018; x_wconf 86' lang='grc' dir='ltr'><em>Καμπανοῖς</em></span> <span class='ocrx_word' id='word_1_213' title='bbox 990 3947 1188 4021; x_wconf 76' lang='grc' dir='ltr'><em>τιμωροῦντες</em></span> <span class='ocrx_word' id='word_1_214' title='bbox 1211 3945 1253 4026; x_wconf 82' lang='grc' dir='ltr'><em>ἕΦ</em></span> <span class='ocrx_word' id='word_1_215' title='bbox 1278 3946 1363 4022; x_wconf 70' lang='grc' dir='ltr'><em>ἡμᾶς</em></span> 
     </span>
     <span class='ocr_line' id='line_1_30' title="bbox 178 4045 1363 4134; baseline 0.003 -22"><span class='ocrx_word' id='word_1_216' title='bbox 178 4048 245 4134; x_wconf 76' lang='grc' dir='ltr'><em>[με]</em></span> <span class='ocrx_word' id='word_1_217' title='bbox 275 4046 444 4126; x_wconf 80' lang='grc' dir='ltr'><em>ςρατεύειν.</em></span> <span class='ocrx_word' id='word_1_218' title='bbox 491 4045 600 4111; x_wconf 80' lang='lat' dir='ltr'>Scribe</span> <span class='ocrx_word' id='word_1_219' title='bbox 630 4049 800 4111; x_wconf 80' lang='grc' dir='ltr'><em>τοσούτΟΤ</em></span> <span class='ocrx_word' id='word_1_220' title='bbox 831 4046 968 4120; x_wconf 77' lang='grc' dir='ltr'><em>δεύοονοι</em></span> <span class='ocrx_word' id='word_1_221' title='bbox 1001 4053 1033 4113; x_wconf 79' lang='lat' dir='ltr'><em>ei</em></span> <span class='ocrx_word' id='word_1_222' title='bbox 1063 4050 1300 4134; x_wconf 85' lang='lat' dir='ltr'>ineptissimum</span> <span class='ocrx_word' id='word_1_223' title='bbox 1323 4076 1363 4130; x_wconf 76' lang='lat' dir='ltr'><em>ys</em></span> 
     </span>
     <span class='ocr_line' id='line_1_31' title="bbox 175 4150 1363 4241; baseline 0.004 -22"><span class='ocrx_word' id='word_1_224' title='bbox 175 4174 333 4241; x_wconf 84' lang='lat' dir='ltr'>expunge.</span> <span class='ocrx_word' id='word_1_225' title='bbox 359 4150 517 4217; x_wconf 72' lang='lat' dir='ltr'>Similiter</span> <span class='ocrx_word' id='word_1_226' title='bbox 528 4171 602 4238; x_wconf 82' lang='lat' dir='ltr'>pag.</span> <span class='ocrx_word' id='word_1_227' title='bbox 614 4150 692 4216; x_wconf 87' lang='lat'>218.</span> <span class='ocrx_word' id='word_1_228' title='bbox 710 4153 832 4239; x_wconf 77' lang='lat' dir='ltr'>corrige</span> <span class='ocrx_word' id='word_1_229' title='bbox 843 4151 1011 4217; x_wconf 83' lang='grc' dir='ltr'><em>τοσούτΟΤ</em></span> <span class='ocrx_word' id='word_1_230' title='bbox 1025 4152 1130 4230; x_wconf 78' lang='grc' dir='ltr'><em>δέομεν</em></span> <span class='ocrx_word' id='word_1_231' title='bbox 1142 4156 1256 4222; x_wconf 81' lang='grc' dir='ltr'><em>ύδιιιεῖν</em></span> <span class='ocrx_word' id='word_1_232' title='bbox 1270 4157 1363 4237; x_wconf 78' lang='grc' dir='ltr'><em>ὐμῖις.</em></span> 
     </span>
    </p>
   </div>
   <div class='ocr_carea' id='block_1_10' title="bbox 220 4357 1363 4450">
    <p class='ocr_par' dir='ltr' id='par_1_10' title="bbox 220 4357 1363 4450">
     <span class='ocr_line' id='line_1_32' title="bbox 220 4357 1363 4450; baseline 0.003 -22"><span class='ocrx_word' id='word_1_233' title='bbox 220 4363 301 4450; x_wconf 86' lang='lat' dir='ltr'>Peg.</span> <span class='ocrx_word' id='word_1_234' title='bbox 332 4359 410 4427; x_wconf 88' lang='lat'>212.</span> <span class='ocrx_word' id='word_1_235' title='bbox 442 4359 455 4424; x_wconf 82' lang='lat' dir='ltr'>i</span> <span class='ocrx_word' id='word_1_236' title='bbox 484 4359 515 4425; x_wconf 76' lang='grc' dir='ltr'><em>δὲ</em></span> <span class='ocrx_word' id='word_1_237' title='bbox 538 4357 818 4444; x_wconf 73' lang='grc' dir='ltr'><em>ὕπατος-ἔκρινε</em></span> <span class='ocrx_word' id='word_1_238' title='bbox 840 4364 885 4440; x_wconf 72' lang='grc' dir='ltr'><em>μδ</em></span> <span class='ocrx_word' id='word_1_239' title='bbox 919 4360 1038 4439; x_wconf 76' lang='grc' dir='ltr'><em>λέξαι</em></span> <span class='ocrx_word' id='word_1_240' title='bbox 1070 4362 1104 4428; x_wconf 82' lang='grc' dir='ltr'><em>πὸ</em></span> <span class='ocrx_word' id='word_1_241' title='bbox 1128 4369 1267 4446; x_wconf 70' lang='grc' dir='ltr'><em>πρᾶγμα</em></span> <span class='ocrx_word' id='word_1_242' title='bbox 1290 4368 1363 4446; x_wconf 68' lang='grc' dir='ltr'><em>μηδ’</em></span> 
     </span>
    </p>
   </div>
   <div class='ocr_carea' id='block_1_11' title="bbox 0 0 1542 5004">
    <p class='ocr_par' dir='ltr' id='par_1_11' title="bbox 0 0 1542 5004">
     <span class='ocr_line' id='line_1_33' title="bbox 0 0 1542 5004; baseline 0 0"><span class='ocrx_word' id='word_1_243' title='bbox 0 0 1542 5004; x_wconf 95' lang='lat' dir='ltr'><em> </em></span> 
     </span>
    </p>
   </div>
  </div>
 </body>
</html>
