3076 5004
689 262 734 345 27

110 468 222 547 λῆνιιν.
270 465 434 532 Herodoto
465 485 590 552 quoque
619 488 691 556 pag.
728 467 781 536 77.
814 489 871 535 sna
901 468 1055 535 dialectos
1084 464 1242 534 reddenda
1264 488 1303 533 en

109 588 139 644 1.
164 573 219 642 57.
254 582 456 656 Κροτωνιῆται
479 575 637 652 οὐδαμοῖσι
659 582 718 640 τῶν
742 582 794 641 νῦν
817 585 921 656 σφεας
945 574 1166 657 περιοικεόντων
1189 576 1253 640 κτὲ.

159 788 241 875 Peg.
276 784 326 853 75.
359 790 506 852 narratur
538 807 575 850 ex
603 786 740 872 Myrsilo
764 787 878 854 Lesbio
900 788 1018 854 fabella
1040 786 1192 875 Pelasgos
1215 808 1304 863 μετο-

112 899 299 973 νομασθῆναι
334 892 516 971 Πελαργοὺς
549 893 708 979 (ciconias)
734 901 792 959 τῶν
816 897 918 973 όρνόοιν
940 904 1003 967 τοῖς
1029 894 1226 971 καλουμένοις
1250 915 1304 956 πε-

112 1009 243 1080 λαργοῖς
275 999 484 1071 εἰκασθέντας.
520 1004 551 1064 et
581 1004 653 1084 post
676 1021 777 1085 pauca
799 1000 944 1066 additur:
970 1002 1021 1066 καῖ
1046 1010 1110 1073 τοῖς
1134 998 1303 1073 Ἀθηναῖοις

111 1110 148 1173 τό
179 1115 283 1185 τεῖχος
315 1106 349 1171 τό
382 1106 448 1186 περὶ
474 1108 528 1180 τὴν
551 1105 715 1184 ἀκρόπολιν
739 1109 772 1170 τὸ
798 1110 1001 1185 perarma
1026 1107 1213 1183 καλούμενον
1236 1104 1304 1170 τοό·

111 1238 184 1286 τους
209 1213 400 1292 περιβαλεῖν.
449 1211 539 1291 Quod
564 1213 601 1276 de
625 1214 704 1277 arcis
729 1213 928 1279 Athenarum
952 1234 1046 1278 muro
1069 1214 1179 1278 scribit
1202 1214 1304 1277 mani·

110 1321 193 1386 festo
227 1319 344 1385 falsum
379 1323 436 1383 cst.
491 1316 576 1382 Satis
610 1320 694 1383 inter
728 1340 836 1384 omnes
871 1324 994 1385 constat
1028 1321 1063 1384 τὸ
1100 1317 1303 1396 Πελαογικόν

113 1426 312 1512 appellatum
335 1425 433 1490 inisse
457 1422 510 1490 vel
532 1445 570 1489 ex
592 1430 667 1489 noto
692 1425 835 1490 oraculo:

432 1532 467 1595 τὸ
493 1531 690 1608 Πελασγικὸν
714 1533 807 1609 οὶρμόν
833 1530 965 1606 ἄμεινον.

158 1637 243 1718 Quid
266 1636 388 1727 igitur?
416 1659 552 1724 namque
575 1638 751 1726 Myrsilum
775 1640 936 1725 scripsisse
959 1638 1151 1718 Πελαργικόν
1176 1639 1305 1706 evidens

111 1751 172 1811 est.
220 1744 415 1810 Exciderunt
446 1747 543 1811 verba
570 1745 708 1832 paucula
730 1749 763 1810 in
787 1746 871 1811 hunc
894 1747 1028 1812 modum
1052 1746 1242 1833 supplenda:
1268 1748 1303 1811 τὸ

112 1860 220 1932 τεῖχος
253 1853 288 1915 τό
320 1853 386 1930 περὶ
419 1852 473 1925 τὴν
507 1850 671 1932 οὶκρόπολιν
699 1852 733 1916 τό
758 1854 951 1933 Πελαργικόν
977 1854 1046 1938 (μὲν
1070 1856 1171 1918 παλαι
1197 1858 1246 1918 νῦν
1271 1851 1303 1916 δὲ

112 1957 329 2042 Πελασγικόν)
356 1959 543 2035 κοινούμενον
568 1957 692 2029 τούτους
717 1957 908 2038 περιβαλεῖν.

161 2064 214 2130 Sic
246 2064 347 2130 solent
378 2067 558 2150 ineptarum
588 2065 859 2153 etymologiarum
889 2070 1043 2132 amatores
1074 2064 1191 2154 fingere
1214 2085 1305 2132 voca·

112 2170 192 2237 bula
211 2169 309 2258 longa
332 2171 383 2235 die
405 2178 546 2236 mutasse
570 2172 725 2249 formam,
751 2192 813 2256 quo
833 2171 967 2238 artificio
987 2173 1161 2259 Dionysius
1181 2193 1304 2258 quoque

112 2297 178 2344 non
199 2297 270 2343 raro
293 2297 370 2341 usus
393 2281 451 2342 est.

162 2487 243 2577 Pag.
277 2488 329 2557 75.
361 2495 416 2566 τῆς
448 2490 505 2569 μὲν
529 2489 592 2572 νῖιρ
617 2490 784 2568 όνομαοόας
809 2489 991 2556 οῖπολαῦοαῖ
1015 2513 1089 2556 ποτε
1114 2490 1225 2563 αὐτοὺς
1249 2497 1305 2565 τῆς

112 2597 262 2669 αλλήλων
282 2596 365 2660 οὐδὲν
385 2597 543 2674 όανμαςὸν
562 2595 646 2683 [ἦν],
666 2598 731 2662 ἐπεῖ
753 2598 804 2662 καῖ
826 2597 913 2663 ἄλλα
933 2600 968 2670 διό
988 2622 1056 2663 τινα
1073 2596 1137 2672 iton
1152 2636 1193 2647 —
1207 2599 1305 2662 ταύτό

113 2699 268 2768 ἔπαόΟΝ.
316 2703 525 2768 Manifestum
551 2710 598 2769 est
623 2701 656 2779 ἦν
680 2704 779 2770 deleri
802 2711 945 2791 oportere
969 2712 1001 2770 et
1025 2702 1161 2770 ἔπαόΕΝ
1186 2706 1304 2790 reponi.

161 2808 196 2872 In
222 2831 285 2895 sqq.
314 2813 374 2889 οὐχ
397 2807 545 2885 ἤκιςα-
562 2810 642 2898 [καὶ]
669 2811 710 2875 roi
736 2814 764 2875 iv
789 2812 913 2895 Ἰταλία
937 2811 1002 2885 ἔόνιρ
1026 2813 1060 2875 τό
1084 2809 1160 2874 αὐτὸ
1182 2809 1303 2876 ἔπαόεν.

112 2915 268 3002 Pugnant
297 2919 380 2982 inter
411 2938 444 2982 se
475 2919 534 2997 οὐχ
566 2918 657 2996 tarsa
691 2916 841 3006 (μόλιςα)
873 2925 905 2984 et
928 2919 983 2983 καῖ
1005 2922 1037 2982 et
1059 2916 1157 2981 stulte
1181 2937 1306 3004 compo·

112 3028 246 3088 nuntur.

163 3230 241 3322 Pag.
271 3232 322 3303 77.
348 3233 523 3302 revocanda
546 3243 593 3301 est
615 3232 796 3303 Herodotea
819 3238 973 3304 dialectus
996 3258 1034 3303 ex
1056 3239 1125 3323 ipso
1144 3232 1307 3302 Herodoto

115 3351 141 3406 1.
168 3340 220 3408 57.
269 3340 436 3427 Sequitur:
462 3343 560 3407 καίτοι
585 3351 629 3406 TI
654 3343 839 3420 όανμότειεν
864 3342 900 3408 οῖν
924 3369 970 3414 τις
995 3345 1059 3407 nri.
1094 3344 1252 3408 Additum
1276 3341 1309 3406 τό

117 3446 212 3532 plane
238 3449 423 3534 pessumdat
452 3449 515 3514 loci
545 3451 736 3514 sententiam
768 3456 800 3516 et
830 3453 1005 3535 corrumpit
1035 3449 1183 3536 Dionysii
1212 3468 1308 3535 argu·

119 3556 350 3619 mentationem
383 3555 628 3620 demonstrantis
658 3556 828 3621 absurdum
867 3578 933 3622 esse
967 3558 993 3621 εῖ
1029 3563 1217 3627 Πλακιανοῖς
1252 3555 1309 3630 μὲν

122 3660 283 3737 -όμοῖαν
317 3660 476 3726 διάλεκτον
510 3657 595 3742 εἶχον
630 3662 655 3725 οῖ
694 3667 917 3740 Κροτωνιᾶται,
954 3669 1113 3742 Τνρριρνοῖς
1150 3662 1181 3726 δὲ
1216 3663 1310 3740 μηδὲν

121 3766 237 3844 όμοῖαν.
272 3765 336 3833 Pro
360 3765 475 3844 όιλομον
499 3767 551 3833 uel
575 3765 690 3832 όιτοπόν
712 3770 757 3837 ε’ςι
776 3769 881 3834 lenius
903 3770 985 3835 dixit
1005 3771 1103 3835 καίτοι
1124 3767 1310 3845 όανμοόοειεν

121 3871 158 3937 όν
182 3896 239 3944 τις.
274 3871 426 3939 Reislrius
449 3873 527 3940 alias
550 3895 599 3939 res
621 3895 717 3961 agens
737 3877 769 3940 τό
787 3879 976 3961 interposuit
995 3896 1096 3961 neque
1116 3876 1175 3940 hoo
1195 3878 1311 3963 agebat

120 3979 232 4046 Editor
254 3982 309 4065 qui
331 3983 460 4066 recepit.

165 4087 242 4153 Post
271 4107 372 4173 pauca
400 4107 512 4154 revoca
542 4086 671 4168 νομίζειν
702 4086 871 4170 οῖμφότερα
900 4108 956 4174 pro
987 4087 1192 4173 τάμφότερα,
1226 4087 1311 4174 quod

120 4215 213 4260 nemo
237 4195 321 4259 dixit
343 4215 509 4278 umquam.

166 4401 244 4494 Pag.
272 4405 326 4475 79.
351 4404 548 4472 κινδυνεύοντι
573 4407 636 4489 γὰρ
656 4416 758 4473 TOIC
778 4405 903 4484 οῖλιρόεόι
921 4409 1045 4488 μοῖλλον
1065 4401 1184 4471 ἐοικότα
1205 4405 1310 4490 λέγειν
