3076 5004
703 262 745 330 79

125 455 244 522 deinde
274 464 305 520 Λ
334 477 352 521 a
383 454 500 520 stolido
528 455 631 519 scriba
662 458 696 519 in
727 462 755 516 Α
779 472 968 518 conversum
991 458 1054 525 est,
1082 457 1116 516 et
1137 455 1182 517 sio
1204 458 1316 518 notum

125 565 384 644 προσαγορεύουσι
415 563 622 638 ΝΑΙβιτίνην.
671 560 791 624 Deinde
821 560 921 623 scribe
946 560 1018 636 ὑπὲρ
1041 565 1099 622 τῶν
1118 559 1319 637 ἀπογενομέ-

126 697 184 737 νων
209 692 266 758 pro
289 671 451 757 deffoowtis.
499 669 616 734 Editur
638 666 876 745 ἀπογινομένων.

175 913 257 1000 Pag.
282 910 357 976 676.
383 913 493 976 scribit
515 910 675 976 Romanos
699 932 809 975 omnes
832 932 960 975 censum
984 911 1123 995 profiteri
1144 911 1319 988 θμθοαντας

127 1021 183 1084 τὸν
216 1017 340 1094 νθμιμυν
372 1014 453 1093 ὄρκυν
486 1013 503 1090 ή
536 1021 595 1092 μήν
628 1019 748 1090 τοὶληθή
780 1016 831 1079 καὶ
864 1019 925 1080 cirri
957 1019 1071 1087 παντὸς
1095 1024 1148 1082 τοῦ
1172 1018 1321 1096 βελτθςου

127 1128 328 1202 τιμήσεσθαι.
375 1124 488 1188 Editor
518 1124 556 1188 de
588 1144 644 1188 suo
675 1125 841 1187 substituit
872 1125 1056 1199 τιμήσεσθαι
1086 1147 1142 1208 pro
1166 1127 1323 1209 scriptura

128 1232 290 1296 librorum
323 1233 524 1306 τετιμῆσθαι,
559 1250 638 1313 quae
668 1251 730 1293 non
761 1238 828 1293 erat
863 1231 1026 1295 movenda.
1074 1229 1201 1296 Dabant
1236 1234 1320 1296 enim

127 1338 355 1403 iusiurandum
379 1341 585 1420 posteaquam
607 1336 738 1420 professi
761 1341 864 1400 essent
887 1339 994 1400 omnia
1017 1357 1083 1401 sese
1106 1338 1186 1401 bona
1210 1337 1270 1402 fide
1290 1339 1323 1400 io

127 1467 248 1509 σσιισυοι
271 1443 412 1507 detulisse
434 1442 657 1528 (τετιμῆσθαι).

176 1687 255 1769 Pag.
288 1681 477 1752 676—677.
514 1685 693 1760 σοφώτατον
726 1682 871 1746 αταντων
898 1683 1174 1759 τολιτευμοθΤΩΝ
1201 1689 1324 1765 εἰσηγή-

131 1819 223 1861 σατο.
270 1792 316 1856 Ut
347 1788 469 1856 Graeca
500 1791 543 1853 sit
567 1790 668 1853 oratio
690 1789 826 1853 rescribe
850 1789 1037 1866 τολθτευμα.
1085 1787 1189 1857 Causa
1212 1798 1326 1879 erroris

128 1900 302 1968 manifesta
327 1902 384 1962 est.

181 2143 261 2229 Peg.
288 2138 363 2207 678.
390 2139 457 2202 niori
486 2143 542 2201 τῶν
567 2136 703 2200 donibus
727 2137 871 2201 ιθΠέθυκε
892 2139 1019 2215 θυρεούς.
1057 2140 1147 2205 Libri
1164 2143 1324 2221 άΝὲδυκε,

134 2250 220 2336 qnod
251 2250 351 2313 satius
380 2252 428 2310 est
450 2265 513 2308 non
535 2249 674 2329 tangere.
724 2241 913 2306 ’λναθιδθναι
938 2265 977 2307 eu
1001 2265 1091 2308 sensu
1118 2249 1200 2331 apud
1224 2253 1327 2334 sequi·

133 2377 204 2423 ores
236 2376 297 2418 non
328 2352 509 2434 infrequens
533 2355 595 2426 est,
621 2354 659 2412 ut
683 2355 861 2413 constanter
884 2350 967 2434 apud
992 2350 1182 2438 Dionysium
1206 2355 1273 2445 logi
1290 2378 1328 2421 ur

134 2465 191 2539 τήν
215 2469 322 2541 ψήφου
346 2457 560 2522 ἈΝΑθοῦναλ

184 2689 262 2776 Peg.
300 2685 366 2752 682
416 2684 557 2764 ἐγένοντο
594 2683 629 2756 θη
664 2683 829 2762 συμμορίαι
867 2680 917 2760 ἕξ,
953 2677 991 2756 θος
1024 2689 1167 2762 Ῥωμαῖοι
1200 2695 1328 2755 καλοῦσι

137 2795 314 2866 κλήσεις
358 2796 417 2864 τοὶς
461 2791 645 2864 Ἑλληνικὰς
688 2790 854 2863 κλήσεις
891 2793 1178 2871 παρονομάσαντες·
1215 2788 1229 2859 ὃ
1265 2798 1330 2875 γὰρ

140 2905 230 2979 ἡμεῖς
254 2905 338 2982 ρ’ήμα
362 2903 589 2977 προστακτικῶς
615 2897 874 2975 σχηματίσαντες
898 2899 1065 2978 ἐκφέρομεν
1097 2901 1220 2966 καλει
1245 2905 1331 2967 τοῦτ’

142 3011 246 3073 ἐκεῖνοι
272 3008 397 3084 λέγουσι
431 3005 539 3070 κοθλα
565 3002 617 3066 καὶ
640 3003 699 3073 τοὶς
724 3003 894 3074 κλήσεις
918 3007 1049 3085 ἀρχαῖον
1074 3007 1203 3072 ἐκήλουν
1226 3018 1330 3073 καλε-

142 3139 215 3184 σεις.
262 3115 320 3179 nst
351 3114 429 3177 haec
459 3114 576 3176 vitiosa
607 3116 638 3175 et
669 3109 754 3174 male
784 3132 860 3175 sana
890 3112 1042 3189 eruditio,
1069 3116 1332 3198 comparativorum

144 3223 232 3304 (narn
257 3221 302 3283 sic
326 3217 479 3303 appellari
504 3216 628 3300 volunt)
653 3216 797 3291 παίγνια.
835 3216 919 3295 Quid
942 3216 1058 3284 Latino
1082 3222 1186 3283 cloacis
1209 3225 1331 3308 negotii

142 3347 210 3392 esse
225 3329 330 3410 potest
347 3345 421 3389 cum
440 3320 561 3388 Graeco
581 3319 705 3395 κλήσιςθ
740 3322 839 3386 Nullo
858 3325 944 3387 enim
963 3331 1055 3408 pacto
1076 3335 1103 3388 H
1122 3329 1156 3389 in
1176 3327 1330 3412 κέκληκα,

142 3431 317 3508 κέκλημαι,
348 3439 457 3505 κλῆμα
492 3426 686 3510 (ἔγκλημα),
718 3430 833 3507 κλητήρ
867 3436 898 3495 et
927 3439 1033 3505 κλήσις
1066 3434 1099 3496 in
1132 3442 1160 3495 Α
1191 3437 1333 3499 converti

140 3541 265 3623 potuit,
289 3536 372 3621 apud
396 3535 524 3599 Veteres
547 3534 693 3618 quidem,
718 3556 856 3620 namque
878 3556 946 3600 sero
969 3540 1036 3600 nati
1061 3540 1255 3614 imitatores,
1277 3542 1333 3623 qui

141 3643 269 3709 θέλοντα
302 3667 355 3718 μιν
387 3641 445 3706 oto
469 3645 628 3720 Φιλοῖσαι,
654 3647 686 3705 et
710 3642 860 3704 οὶτοττύω
885 3642 920 3705 τὸ
944 3644 1078 3719 φθλαμα
1102 3644 1261 3720 dicebant,
1285 3648 1333 3709 in-

141 3749 306 3815 testabiles
336 3753 421 3812 sunt.
469 3745 531 3810 Sed
562 3747 639 3810 haec
670 3768 753 3811 nunc
783 3769 844 3812 non
876 3750 1003 3835 agimus
1032 3748 1268 3834 videndumque
1293 3774 1333 3816 an

143 3858 207 3921 sint
238 3875 330 3919 sanae
365 3853 525 3918 lectiones.
573 3852 635 3916 Pro
671 3855 802 3933 ἀρχαῖον
837 3855 1052 3938 reponendum
1089 3855 1148 3939 (τὸ)
1186 3858 1333 3935 ἀρχαῖον,

142 3981 281 4046 namque
312 3962 357 4024 sic
389 3957 503 4025 Gracci
535 3980 643 4024 omnes
666 3979 723 4043 pro
746 3960 931 4044 antiquitus,
957 3961 1027 4023 olim
1052 3967 1230 4026 constanter
1253 3962 1335 4028 dioe-

143 4068 237 4144 bant,
269 4070 306 4130 ut
328 4086 401 4151 pag.
429 4063 490 4146 45,
515 4064 573 4141 85,
603 4064 687 4141 156,
715 4063 790 4130 915.
817 4075 849 4130 et
872 4069 990 4150 passim
1016 4065 1104 4130 alibi.
1152 4067 1215 4133 Pro
1239 4072 1333 4133 καλέ·

146 4199 206 4243 σεις
231 4173 344 4238 Editor
367 4171 516 4240 καλοθσειι
540 4172 718 4234 substituit.
754 4172 791 4236 In
816 4194 849 4236 re
870 4175 1093 4236 commenticia
1114 4178 1145 4236 et
1166 4175 1216 4256 (ut
1236 4174 1334 4241 libere

147 4280 263 4363 dicam)
295 4280 466 4365 nugatoria
495 4299 556 4341 non
588 4277 731 4340 multum
755 4279 852 4342 refert
875 4278 952 4361 quid
976 4278 1138 4341 scribatur.
1188 4278 1256 4357 Quo
1281 4300 1334 4344 an-

147 4390 234 4473 tiquo
264 4389 392 4451 nomine
425 4386 532 4448 σθαεσιι
564 4383 798 4470 appellarentur
829 4385 970 4457 καλέσεις
996 4405 1036 4449 an
1060 4383 1209 4455 καλήσεις
1233 4406 1335 4478 neque
