3076 5004
685 229 726 298 81

160 422 242 512 Peg.
275 418 351 488 698.
382 420 492 487 acerbe
522 421 666 505 queritur
694 419 869 506 Dionysius
892 419 930 486 de
954 421 1053 487 serris
1074 420 1243 509 flagitiosis
1265 438 1301 487 ac

110 529 291 607 sceleratis,
323 529 379 614 qui
410 532 530 591 temere
560 531 592 590 et
623 525 801 591 inconsulto
833 528 1024 591 manumissi
1051 529 1216 593 civitatem
1239 528 1301 593 Ro·

110 656 245 703 manum
274 634 538 720 adipiscebantur.
585 632 701 717 Optare
725 653 758 698 se
781 634 891 697 scribit
913 639 951 698 ut
974 630 1125 699 Censores
1147 634 1199 699 vel
1221 631 1300 700 Oen·

110 740 199 808 sules
222 740 297 805 huic
319 740 403 825 pesti
428 743 501 804 eant
523 739 670 816 obviam,
692 730 718 802 oi
741 739 812 809 τοὺς
836 738 905 802 καθ’
930 738 1038 807 ἐ’καςον
1062 741 1197 804 ἐνιαυτὸν
1217 742 1302 805 ε’λευ·

110 848 211 925 θέρους
247 842 446 924 γιγνομένους
481 841 659 919 ἐξετάσουσι
694 846 772 916 τινες
805 842 887 917 θντες
917 847 969 911 καὶ
1003 847 1053 911 διὰ
1085 846 1118 911 τέ
1146 847 1199 911 καὶ
1235 854 1298 921 πῶς

109 952 369 1036 ἠλευθερύθησαν,
392 947 491 1030 ὥσπερ
514 975 554 1028 γε
577 950 647 1023 τοὺς
669 957 727 1016 τῶν
749 950 865 1016 ἱππέων
885 951 937 1017 καὶ
957 954 1027 1024 τοὺς
1047 958 1105 1018 τῶν
1124 953 1299 1030 βουλευτῶν

108 1059 201 1138 βέους
230 1055 441 1138 ἐξετάζουσιν·
472 1054 565 1121 ἔπειθ’
597 1053 645 1128 οὓς
676 1058 734 1134 μὲν
766 1055 803 1122 άν
831 1054 951 1136 εύριυσιν
975 1056 1078 1134 άξθους
1101 1066 1156 1135 τής
1180 1058 1297 1135 πόλεως

107 1165 202 1238 ὄντας
234 1165 276 1234 εἷς
306 1162 414 1245 Φνλθις
445 1162 497 1227 καὶ
529 1160 670 1244 φράτρας
702 1161 970 1243 καταγράφουσιν.

157 1272 308 1337 Primum
338 1270 439 1335 scribe
462 1265 561 1348 ὥσπερ
584 1268 636 1332 καὶ
663 1268 731 1354 (pro
755 1270 808 1352 γε)
831 1269 900 1340 τοὺς
924 1275 982 1333 τῶν
1008 1269 1124 1334 ἱππέων
1149 1274 1212 1338 κτὲ.

160 1373 223 1443 Sed
254 1375 352 1463 longe
382 1376 512 1463 gravior
538 1395 623 1440 error
645 1376 684 1439 ab
707 1376 775 1459 ipso
794 1374 923 1440 Editere
947 1378 1134 1444 commissus
1157 1382 1298 1446 eximen-

109 1483 175 1550 dus
206 1487 252 1549 est
275 1502 314 1546 ex
336 1500 404 1565 sqq.
450 1478 601 1544 inlibris
624 1490 671 1545 est
695 1480 737 1549 ric
761 1479 868 1560 φυλὰς
892 1479 983 1560 (Urb.
1008 1484 1173 1566 φυλακάς)
1196 1510 1298 1551 ηοω.

13 1609 17 1617 ·
107 1588 297 1671 γράφουσιν.
354 1584 527 1687 Kicssling.
564 1584 603 1651 de
637 1605 694 1650 sue
729 1585 781 1650 aci
818 1586 958 1666 Φράτρας
992 1589 1114 1655 addidit
1149 1596 1299 1677 quoniam

109 1694 293 1774 „curiam
315 1691 423 1756 mentio
445 1714 465 1755 ο
487 1691 633 1773 Dionysio
656 1692 707 1755 κύν’
730 1692 877 1757 ciuitatem
901 1693 995 1756 alicui
1017 1696 1117 1759 ύαθοοα
1141 1719 1201 1762 ecce
1225 1721 1299 1762 eem-

108 1807 252 1866 memorat
283 1799 335 1863 οἱα
359 1820 494 1882 umquam
516 1798 622 1862 οοιύεοα
644 1798 715 1862 ιεθ.”
760 1796 822 1863 sed
845 1819 908 1864 non
931 1802 1086 1886 cogitavit
1106 1801 1299 1890 Dionysium

108 1908 149 1974 b.
163 1907 186 1971 i.
210 1905 248 1971 de
271 1926 329 1972 sua
350 1909 454 1970 aetate
473 1909 505 1970 et
525 1903 709 1989 aequalibus
729 1906 795 1969 suis
814 1904 926 1969 dicere.
947 1904 1077 1972 Poterat
1096 1910 1130 1973 in
1149 1913 1299 1976 uetustis-

111 2015 207 2080 simis
238 2010 356 2078 fabulis
387 2011 483 2075 tribur
513 2016 542 2074 et
564 2010 664 2074 curiae
686 2030 743 2075 suo
767 2011 923 2075 arbitratu
946 2013 1152 2100 coniungere,
1177 2016 1301 2102 (quam-

111 2139 212 2206 quam
246 2139 322 2183 cum
355 2118 390 2181 in
423 2116 483 2181 hac
516 2137 550 2182 rc
584 2115 789 2182 vehementer
821 2137 924 2182 errare
958 2120 1111 2203 suspicor)
1142 2122 1196 2186 sed
1226 2126 1301 2190 vive

111 2224 270 2312 Dionysio
301 2222 467 2288 libertinos
497 2222 631 2287 tribubus
663 2222 817 2307 (urbanis)
842 2229 871 2285 ιθ
892 2223 986 2287 certia
1008 2225 1181 2313 adscriptos
1204 2227 1301 2315 tuisse

113 2330 241 2398 eredere
282 2330 440 2395 eiusmodi
474 2333 522 2394 est
556 2333 594 2393 ut
629 2328 793 2394 Editcrem
826 2330 932 2414 ipsum
964 2333 1073 2418 agnito
1108 2353 1165 2398 suo
1200 2355 1302 2401 errore

112 2436 316 2504 subrisurum
339 2455 406 2502 asse
428 2434 467 2502 ad
490 2435 568 2500 haec
590 2436 783 2501 existimem.

159 2706 241 2795 Peg.
266 2703 342 2772 ¹702.
367 2703 401 2782 ἐξ
424 2702 462 2770 ὧν
481 2704 674 2783 μακαρισμοὶ
694 2713 758 2776 τοῖς
778 2707 1105 2784 κατασκευασαμένοις
1127 2711 1301 2784 ἠκολούθουν

112 2810 232 2893 μόνοις,
263 2811 380 2878 έταινοι
410 2811 437 2877 δ’
469 2812 513 2879 ού.
559 2811 623 2877 Pro
652 2811 751 2891 μόνοις
774 2813 809 2875 in
831 2810 923 2876 libris
946 2818 993 2877 est
1013 2812 1102 2889 μόνον
1125 2820 1238 2882 natum
1262 2839 1300 2885 ex

112 2918 173 2999 μέν
197 2924 229 2986 et
248 2918 351 2985 alieno
369 2917 438 2984 lece
458 2920 624 2983 insertum.
659 2916 861 3004 Legendum:
883 2916 918 2995 ἐξ
936 2912 973 2985 ὧν
992 2920 1183 2999 μακαρισμοὶ
1204 2932 1299 2990 ΜΕΝ

114 3022 363 3102 -ἠκολούθουν,
387 3022 503 3088 ἔπαινοι
528 3021 556 3087 δ’
581 3021 625 3087 ού.

158 3129 280 3197 Deinde
302 3130 532 3215 rescripserim:
557 3129 637 3206 μύνα
663 3127 695 3193 δὲ
719 3127 810 3209 ζήλου
835 3126 911 3204 άξια
933 3129 976 3195 τὰ
997 3138 1052 3204 τής
1076 3131 1201 3209 γνύμης
1221 3133 1299 3215 ἔργα

113 3234 291 3315 ὑπολαβών.
315 3241 348 3300 et
369 3233 478 3319 paullo
500 3238 573 3320 post
596 3234 646 3299 ἐπὶ
670 3237 799 3311 μήκιςον
817 3233 954 3315 χρθνΟΝ
975 3257 1031 3321 pro
1049 3236 1196 3317 χρθνΟΤ.
1230 3243 1300 3317 Μή-

112 3365 196 3431 κιςον
218 3360 274 3427 pro
297 3338 492 3420 μακρθτατον
514 3339 660 3425 frequens
683 3343 730 3405 est
753 3341 838 3425 apud
857 3340 1049 3427 Dionysium
1069 3348 1101 3408 et
1120 3343 1299 3414 Lucianum

110 3452 145 3513 et
168 3445 264 3524 alies,
287 3447 344 3529 qui
365 3451 474 3510 tamen
497 3444 663 3526 ἀττικίζειν
687 3446 749 3510 sibi
772 3445 975 3512 videbuntur.

160 3702 241 3790 Peg.
273 3699 349 3769 704.
382 3702 416 3765 in
440 3700 572 3766 concilio
595 3701 783 3767 Latinorum
806 3700 936 3768 Servius
960 3702 1086 3770 Tullius
1108 3705 1303 3777 demonstrat

112 3810 171 3885 τήν
194 3805 402 3889 θμοφροσύνην
425 3805 534 3885 ἰσχύος
559 3806 664 3871 αἰτίαν
687 3803 763 3872 εἶναι
784 3815 854 3877 ταῖς
874 3809 1010 3874 άσθενέσι
1031 3810 1172 3888 πύλεσιν,
1194 3839 1303 3882 ταπει-

111 3913 237 3986 νθτητος
270 3913 301 3977 δὲ
328 3912 380 3976 καὶ
404 3911 563 3983 άσθενείας
586 3912 638 3976 καὶ
663 3921 733 3984 ταῖς
758 3912 839 3978 πάνυ
863 3915 1006 3995 ἰσχυραῖς
1029 3918 1084 3990 τήν
1107 3920 1301 4002 άλληλοφθο·

110 4020 193 4087 νέαν.
253 4017 364 4083 Obiter
403 4017 612 4082 aximendum
653 4017 779 4083 Lexicis
820 4020 1013 4084 vccabulum
1056 4024 1299 4102 άλληλοφθονθα.

109 4123 301 4212 Legendum
325 4122 601 4207 άλληλοΦθοΡθαν,
624 4128 661 4188 ut
684 4127 718 4187 in
741 4123 884 4189 Platonis
902 4126 1069 4206 Ρουθορονα
1088 4148 1159 4216 pag.
1184 4129 1259 4196 321.
1272 4158 1300 4197 α.

111 4230 361 4309 ἀλληλοφθοριῶν
387 4228 549 4311 διαφυγάς
575 4228 750 4307 ἐπήρκεσεν.
795 4229 893 4295 Recte
917 4231 1083 4318 legebatur
1106 4255 1179 4322 pag.
1204 4236 1300 4305 1005.

112 4339 221 4404 ταῦτα
243 4333 269 4400 θ’
293 4331 371 4399 εἶναι
393 4334 437 4401 τά
460 4339 607 4401 ποιοῦντα
632 4333 818 4416 θιχοςασθας
843 4337 873 4402 ἐν
896 4345 967 4413 ταῖς
991 4337 1099 4405 πύλεσι
1124 4340 1176 4405 καὶ
1200 4343 1303 4421 άλλη·

167 4452 234 4491 mort.
252 4453 312 4490 m.
1142 4446 1157 4494 t
