3076 5004
816 230 860 302 82

245 423 424 508 λοφθοΡθαο
441 423 618 512 άπαθςονς,
641 425 699 493 ubi
720 421 833 489 Editor
855 420 1026 489 infeliciter
1044 421 1217 490 admodum
1236 419 1431 505 άλληλοφθο·

243 532 325 605 Νῖας
349 533 500 616 reposuit.

288 636 536 718 Ἀλληλοφθονῖα
566 639 682 702 vitiose
714 637 837 702 dictum
868 640 900 699 et
929 637 1044 700 vitiose
1080 637 1257 721 cogitatum
1292 638 1358 699 est:
1396 633 1431 698 οὔ

244 741 307 822 γάρ
331 744 497 822 Φθονοῡμεν
522 744 686 827 ἀλλήλοις,
711 743 786 806 άλλ’
808 741 822 805 c‘
847 741 903 818 μὲν
926 743 1046 820 Φθονεῖ,
1071 742 1084 804 ἐ
1109 742 1140 806 δὲ
1164 742 1333 820 Φθονεῖποιι.

251 851 254 856 ’
288 843 427 929 Lepidus
458 852 506 910 est
534 847 708 935 Dionysius
738 850 772 912 in
795 868 861 931 sqq.
885 847 942 911 ubi
962 847 1086 912 inducit
1108 833 1259 912 Servium
1283 844 1432 910 Tullium

242 951 290 1014 ita
320 950 495 1016 dicentem:
525 955 586 1034 χρη
622 954 773 1022 Λατῖνονς
810 957 867 1016 τοῖν
902 953 1060 1032 προσοίκων
1093 951 1201 1034 άρχειν
1217 950 1431 1023 -Ἐλληνας

241 1055 330 1129 ὄντας
362 1055 541 1137 βαρβάρων.
576 1079 639 1124 non
673 1061 795 1124 minore
826 1058 943 1123 ferocia
971 1078 1068 1142 quern
1098 1079 1159 1143 que
1190 1057 1358 1145 Euripides
1389 1055 1433 1122 ed

243 1161 450 1228 Athenienses
473 1164 573 1230 dixit:

337 1266 503 1350 Βαρβάρων
526 1269 555 1336 δ’
577 1269 736 1344 Ἕλληνας
760 1268 868 1351 άρχειν
893 1268 970 1341 εἰκὸς
993 1270 1068 1335 άλλ’
1093 1271 1126 1334 οὐ
1149 1267 1338 1351 βαρβάρους.

289 1479 371 1566 Peg.
396 1475 472 1545 706.
497 1477 641 1557 διέμεινεν
666 1479 682 1552 ά
707 1479 841 1555 ςάλη-
856 1475 1055 1557 γραμμάτιον
1079 1475 1197 1561 ἔχοντα
1224 1485 1434 1560 χάρακτιῖρας

246 1583 458 1672 [Ἑλληνικῶν]
486 1581 527 1657 οἷς
551 1583 586 1650 τὸ
611 1583 747 1650 παλαιὸν
775 1586 792 1660 ἡ
817 1583 935 1658 Ἑλλάς
959 1586 1087 1665 ἐχρᾶτο.
1136 1584 1266 1652 Editor:
1293 1590 1433 1662 ,,Ἑλλη·

242 1696 328 1756 νικῶν
358 1690 597 1773 νἰνθοοροθαθοοονι
625 1689 736 1774 στηθί’,
761 1695 793 1754 et
817 1687 955 1753 stultum
979 1691 1109 1774 quidem
1134 1693 1274 1774 quinon
1298 1690 1434 1756 senserit

242 1797 277 1860 id
310 1797 417 1880 ipsum
451 1796 552 1859 inesse
586 1797 621 1860 in
653 1795 777 1862 verbis:
812 1790 853 1867 οἶς
885 1794 919 1860 τδ
951 1795 1085 1860 παλαιδν
1117 1798 1133 1873 ἡ
1164 1795 1283 1866 Ἑλλάς
1314 1796 1432 1874 ἐχρᾶτο

244 1901 322 1989 (leg.
346 1898 483 1987 ἐχρῆτο).

289 2109 367 2175 Post
396 2128 496 2192 peuce
526 2107 648 2173 editur:
680 2105 837 2172 πολιτικαὶ
869 2107 925 2185 μὲν
957 2109 992 2183 ee
1025 2106 1149 2189 πράξεις
1184 2113 1236 2174 τοῦ
1272 2105 1432 2188 βασιλέως

244 2216 408 2282 τούτον-
428 2217 622 2279 τοιαῦται
655 2213 905 2292 μνημονεύονται.
951 2215 1136 2300 Accipimus
1165 2213 1243 2281 laeti
1272 2217 1311 2281 ab
1335 2214 1433 2281 Urbi·

241 2326 316 2389 nete
351 2316 443 2386 αὗται
478 2340 535 2405 pro
569 2323 721 2385 τοιαῦται.
775 2318 885 2386 Etiam
919 2324 1028 2385 contre
1061 2319 1159 2386 libros
1193 2341 1302 2386 omnes
1333 2316 1431 2387 αὗται

242 2427 477 2496 emendandum
500 2425 623 2493 fuisset.

287 2638 369 2724 Peg.
394 2631 470 2702 707.
497 2631 651 2714 ἤρξανΤΟ
676 2633 708 2699 δὲ
731 2639 788 2707 τοῖς
812 2632 993 2706 άποςάσεος
1017 2636 1043 2699 οἱ
1068 2633 1250 2712 καλούμενοι
1282 2635 1433 2700 Οὐιεντα-

243 2743 297 2809 νοί.
311 2758 353 2791 -’-
367 2738 522 2821 άρξάντιον
546 2739 577 2805 δὲ
600 2741 713 2805 τούτων
736 2737 917 2819 Καιρητανοὶ
942 2737 1156 2814 ἠκολούθησαν.
1192 2737 1284 2806 Clare
1303 2741 1432 2807 demon-

243 2855 323 2916 stret
354 2844 511 2927 άρξάντιον
540 2845 744 2931 praecessisse
779 2841 870 2926 ἧρξαν
906 2864 968 2909 non
1004 2844 1143 2925 ἤρξαντο.
1173 2847 1270 2930 primi
1304 2847 1433 2912 οιιοινέιοικ

243 2956 428 3042 dejecerunt.

285 3162 366 3250 Peg.
399 3155 477 3225 709.
507 3166 587 3239 τρεῖς
618 3158 722 3231 πθλεις
755 3154 916 3233 οῖ’-τάς
950 3156 1055 3230 άλλας
1087 3158 1309 3240 ’ἐπηγάγοντο
1340 3162 1427 3229 κατά

240 3267 397 3345 Ῥωμαίων
421 3264 593 3344 ἐξενεγκεῖν
616 3264 667 3330 τὸν
691 3263 836 3342 πθλεμον.
872 3263 955 3330 Vere
977 3265 1071 3331 lectio
1094 3272 1141 3332 est
1163 3270 1198 3332 in
1219 3268 1428 3333 deterioribus

240 3373 330 3441 libris
352 3370 574 3450 Ὑπηγάγοντν
596 3357 794 3455 impulerunt,
817 3370 904 3436 idern
928 3372 1011 3457 quod
1034 3374 1163 3453 ἐπῖροιν,
1188 3393 1268 3458 quae
1287 3373 1374 3439 notio
1393 3375 1428 3438 in

243 3478 417 3559 ἐπάγεσθαι
440 3497 504 3542 non
525 3477 618 3541 inest.

287 3688 366 3773 Peg.
390 3682 467 3752 710.
493 3681 615 3755 ταύτας
636 3683 694 3756 τάς
713 3681 803 3764 κόροις
824 3685 853 3749 ἐν
872 3685 961 3767 άκμῇ
973 3684 1079 3765 γάμον
1091 3686 1258 3766 γενομένας
1277 3687 1428 3755 ἐκδιδοται

242 3800 305 3865 τοῖς
338 3790 517 3871 ἀδελφιδοῖς
547 3796 603 3863 τῆς
634 3788 748 3871 μητρὸς
775 3792 886 3858 αὐτῶν.
932 3792 995 3858 Pro
1026 3795 1056 3856 ἐν
1089 3794 1176 3876 άκμῇ
1208 3792 1315 3871 γάμον
1346 3795 1428 3858 ine

241 3899 364 3988 legitur
387 3895 564 3972 ἐπάκμονς,
590 3887 623 3958 in
647 3905 685 3959 A.
710 3893 903 3981 ἐπιγάμους,
924 3897 1008 3981 quod
1027 3919 1140 3965 verum
1160 3904 1217 3964 est.
1253 3897 1428 3965 Ἐκδιδοται

241 4024 334 4072 nemo
363 4001 516 4068 Veterum
539 4000 573 4064 in
598 4021 634 4065 ea
656 4021 690 4064 re
713 4001 854 4080 dicebat,
879 4003 934 4067 se'd
957 4004 1128 4090 ἐκδίδωσιν,
1153 4010 1190 4070 nt
1213 4006 1297 4093 opud
1321 4003 1430 4071 Comi·

243 4131 318 4178 cum
342 4107 380 4174 de
404 4104 531 4173 Oretete
554 4106 663 4193 (Diog.
687 4105 790 4171 Laert.
816 4107 866 4172 VI.
893 4109 908 4193 5
934 4106 990 4194 93)

493 4211 544 4277 καὶ
570 4211 714 4293 θυγατέρ’
740 4214 859 4289 ἐξέδωκ’
883 4215 1012 4300 ἐκεῖνος,
1036 4217 1073 4288 ὥς
1095 4212 1154 4298 ἔφη

492 4317 602 4404 αὑτάς,
626 4319 677 4386 ἐπὶ
701 4319 791 4404 πεθρρο
815 4319 881 4396 δοὺς
905 4319 1051 4403 τριάκονθ’
1075 4322 1200 4403 ἡμέρας.
