3076 5004
804 265 824 344 2

221 467 424 536 monumenti
447 467 670 534 auctoritatem
693 469 809 534 rationi
830 488 942 554 parens
959 488 1200 556 nonnumquam
1221 466 1359 555 optimas
1379 473 1411 539 et

157 584 163 598 '
221 577 404 643 verissimas
433 575 585 640 lectiones
616 581 648 640 et
672 580 757 642 certe
780 575 969 641 lacunarum
992 577 1214 662 supplementa
1237 579 1271 642 in
1295 575 1411 646 Codice

221 680 370 749 Ohisiano
401 686 526 747 servata
555 679 736 747 inconsulto
766 685 895 767 sprevit.
951 683 1041 748 Dabo
1081 685 1193 748 statim
1232 683 1329 749 huius
1364 687 1410 749 rei

220 791 400 872 (tamquam
443 788 598 866 criminis)
641 787 842 852 luculentum
885 793 1112 875 argumentum
1158 794 1190 853 et
1225 789 1410 874 exemplum

218 895 312 980 plura
342 893 519 958 identidem
545 893 628 958 infra
652 893 792 959 daturus.
815 868 819 891 ³
840 894 922 982 Peg.
947 892 1034 958 1563
1058 892 1184 960 Reiskii
1208 896 1247 960 ed
1271 893 1410 961 Coriola-

139 1071 142 1077 ,
218 1021 298 1065 num
321 1002 424 1064 mater
446 997 577 1063 Veturia
600 999 647 1062 iia
671 998 767 1064 dicit:
794 999 846 1062 ἕάιν
869 1004 998 1082 σφαλῇς
1022 1001 1107 1065 κατά
1131 999 1183 1065 τὸν
1207 1000 1343 1080 πόλεμον
1366 1039 1408 1050 -·

220 1106 257 1171 δι’·
282 1104 388 1178 αἰτίας
412 1112 506 1169 ΜΕΝ
530 1103 584 1186 ἔσρ
609 1105 694 1184 παρά
719 1113 782 1177 τοῖς
807 1103 1070 1185 παραδεξαμέννις
1095 1108 1223 1172 σεαυτὸν
1248 1111 1287 1182 ὥς
1307 1107 1382 1188 μείζ
1396 1144 1410 1158 ·

219 1237 265 1278 σιν
288 1211 489 1294 ἐπιχειρήσας
511 1210 698 1292 πράγμασιν
718 1211 770 1275 καὶ
792 1210 963 1283 άδννάπιις.
1010 1212 1190 1280 Pronomen
1210 1216 1409 1299 reciprocum

220 1319 349 1385 σεαυτόν
372 1318 542 1392 manifesto
566 1318 727 1384 seleucum
751 1323 799 1384 est
820 1323 852 1383 et
875 1319 1074 1404 praecedenti
1098 1319 1154 1396 μέν
1178 1320 1261 1385 nihil
1283 1341 1409 1406 respon-

219 1426 283 1492 det.
328 1426 497 1490 Praeterea
525 1427 560 1488 in
592 1427 681 1489 exitu
712 1424 775 1489 loci
806 1424 924 1504 μείζοσι
954 1424 1006 1488 καὶ
1039 1424 1199 1496 άδννάπιις
1223 1424 1409 1506 πράγμασιν

219 1531 353 1599 absurde
385 1530 583 1617 copulantur.
631 1528 847 1595 Criminosum
878 1536 926 1596 est
951 1530 1112 1603 α’δννάτιις
1136 1531 1321 1612 πράγμασιν
1345 1535 1409 1597 ἐπι-

218 1646 350 1723 χειρεῖν,
375 1638 429 1703 sed
448 1635 565 1716 μείζοσι
589 1634 775 1715 πράγμασιν
800 1638 965 1718 ἐπιχειρεῖν
989 1658 1181 1724 magnorum
1199 1639 1341 1705 virorum
1361 1644 1409 1704 est

218 1751 250 1812 et
272 1743 403 1810 laudem
427 1745 580 1808 eximiam
613 1744 762 1807 continet.
811 1740 894 1806 Scin'
922 1742 1000 1827 quid
1023 1741 1198 1830 Dionysius
1226 1742 1408 1828 scripserit?

217 1850 342 1936 Nempe
372 1850 450 1914 hoe:
483 1850 519 1913 δι’
544 1848 648 1920 αἰτίας
673 1856 768 1913 ΜΕΝ
793 1845 846 1929 ἔσρ
871 1856 933 1920 τοῖς
958 1849 1239 1929 παραδεξαμένοις,
1264 1849 1408 1937 μέμψῃ

219 1968 276 2023 ΔΕ
307 1954 373 2021 καὶ
406 1955 521 2026 αὐτὸς
553 1954 682 2020 σεαυτὸν
710 1955 748 2027 cie
772 1952 906 2034 μείζοσιν
931 1956 1133 2038 ἐπιχειρήσας
1157 1954 1342 2036 πράγμασιν
1363 1954 1407 2022 ’Ἡ

220 2071 388 2146 Δυναπιΐς,
419 2068 457 2127 ut
489 2063 605 2127 diserte
636 2064 670 2126 in
701 2059 851 2127 Ohisiano
882 2064 1120 2146 scriptumest.
1169 2063 1232 2143 Qui
1256 2060 1408 2129 (iudicem

217 2171 406 2236 Urbinatam
429 2169 595 2254 descripsit
617 2189 719 2232 unum
740 2169 906 2256 archetypi
925 2189 1055 2234 versum
1073 2168 1275 2256 negligenter
1297 2172 1408 2236 omisit

581 2283 1042 2340 ΜΕΜΨΗΙΔΕΚΑΙΑΎΤΟΟ

219 2390 251 2452 et
275 2383 354 2449 alias
376 2404 426 2447 res
454 2401 551 2470 agens
583 2380 600 2456 ά
632 2378 812 2452 Ἀδννάτιις
841 2401 898 2466 pro
922 2380 939 2457 t
964 2388 1116 2452 Aeternis
1141 2382 1324 2460 substituit,
1351 2385 1408 2468 qui

218 2513 281 2558 non
303 2490 485 2573 infrequens
508 2489 540 2552 in
564 2486 656 2552 libris
675 2507 760 2553 error
779 2492 843 2565 est,
869 2492 901 2552 et
919 2486 1137 2575 Kiesslingius
1157 2499 1227 2554 ΚΑΙ
1247 2490 1407 2560 άδννάπιιι

216 2617 369 2684 reponens
393 2596 483 2660 auxit
505 2593 641 2659 malum.
689 2591 833 2674 Μείζνσιν
857 2593 874 2670 ἢ
900 2593 1037 2666 δυνατοῖς
1063 2593 1225 2682 eleganter
1247 2600 1279 2659 et
1299 2599 1408 2681 exqui-

217 2707 277 2770 site
300 2724 357 2789 pro
380 2699 541 2771 ἀδυνάτοις
566 2699 727 2784 dicebant,
751 2705 789 2764 ut
811 2703 845 2764 in
868 2700 1013 2765 Platonis
1039 2700 1161 2792 Crctylo
1190 2721 1264 2788 pag.
1290 2700 1364 2767 438.
1380 2705 1406 2768 t.

217 2807 303 2889 οἶμαι
328 2810 385 2888 μὲν
409 2807 470 2885 ἐγὼ
491 2843 534 2855 -
555 2805 650 2888 μείζω
680 2806 749 2872 τινά
775 2805 903 2884 δύναμιν
928 2801 1005 2871 εἶναι
1030 2805 1047 2882 ἢ
1072 2806 1260 2888 άνάριιπείαν
1285 2809 1340 2884 τὴν
1362 2811 1407 2874 ts·

216 2916 309 2996 μέναν
333 2915 376 2980 πά
401 2920 508 2996 πρῶτα
531 2911 672 2988 άνάμασα
695 2920 758 2985 τοῖς
784 2910 980 2992 πράγμασιν.

205 3031 212 3038 “
261 3022 311 3088 Ex
332 3021 383 3087 his
407 3025 439 3085 et
461 3017 575 3085 multis
598 3018 760 3085 similibus
783 3018 863 3085 locis
886 3017 1010 3104 liquido
1029 3016 1215 3108 colligimus
1235 3023 1407 3107 scripturas

216 3128 360 3197 Ohisiani
381 3126 457 3192 libri
481 3146 677 3212 quamquam
700 3130 737 3190 ut
759 3124 939 3211 plurimum
963 3124 1132 3191 deteriores
1154 3130 1187 3191 ct
1209 3127 1407 3195 sublestioris

214 3235 288 3301 fidei
312 3239 419 3300 tamen
443 3253 568 3318 semper
592 3233 765 3320 diligenter
788 3252 855 3298 esse
879 3231 1084 3297 excutiendas
1107 3233 1221 3318 ecquid
1238 3233 1319 3300 forte
1338 3236 1408 3300 veri

214 3343 413 3425 contineant,
445 3342 520 3425 quia
552 3359 645 3424 saepe
676 3338 730 3404 hic
759 3337 842 3403 liber
864 3339 933 3423 ipso
962 3337 1068 3403 iudice
1100 3337 1298 3427 Kiesslingio
1321 3340 1407 3406 solus

213 3449 361 3538 Dionysii
392 3467 526 3513 manum
556 3447 647 3511 nobis
676 3446 835 3521 servavit,
867 3444 964 3529 idque
993 3446 1119 3530 saepius
1143 3447 1242 3510 etiam
1266 3449 1406 3513 evenisse

215 3577 312 3642 quam
336 3553 461 3620 Editori
483 3555 591 3620 visum
616 3557 663 3616 est
686 3550 769 3615 infra
793 3549 907 3615 multis
932 3550 1088 3636 exemplis
1110 3551 1285 3617 ostendam.

259 3661 356 3728 lnea
379 3679 559 3747 quoquere
583 3657 723 3722 admiror
747 3676 860 3722 sanum
885 3677 920 3721 ac
944 3657 1087 3722 sobrium
1112 3656 1304 3745 Kiesslingii
1324 3660 1407 3725 iudi-

213 3772 318 3854 cium,
343 3765 428 3852 quod
449 3763 531 3850 Lepi
556 3764 732 3830 versionem
754 3785 838 3840 „cum
859 3785 894 3826 αι
913 3764 1079 3846 apographo
1106 3763 1227 3828 Codicis
1255 3764 1408 3832 lli-tinctis

213 3897 377 3961 ινρνααιιιι
407 3870 483 3936 ιιιά
513 3868 724 3934 intellexisset
756 3889 883 3954 prorsus
913 3868 1143 3956 negligendam
1173 3890 1240 3936 esse
1271 3875 1405 3951 statuit,

214 3988 247 4050 et
268 3983 314 4047 sic
345 3976 521 4065 permultas
547 3995 674 4062 prorsus
697 3975 829 4042 inutiles
852 3980 885 4040 et
908 3974 1019 4040 futiles
1042 3977 1236 4060 suspiciones
1261 3998 1407 4064 compen·

215 4087 334 4153 difecit.
382 4083 485 4164 Quam
515 4081 634 4149 vellem
666 4081 744 4146 olim
777 4078 889 4148 critici
919 4084 954 4146 in
976 4081 1141 4148 Pandarus
1165 4088 1197 4148 et
1216 4083 1408 4152 Pournsorrr

215 4191 414 4262 versionibus
437 4189 523 4254 idem
545 4189 703 4255 fecissent.

259 4297 298 4363 In
321 4295 505 4384 corrigenda
527 4295 675 4381 Dionysii
698 4297 839 4362 oratione
862 4292 1016 4382 permulti
1041 4300 1074 4360 et
1097 4294 1175 4360 olim
1200 4301 1233 4361 et
1255 4319 1339 4365 nunc
1362 4301 1407 4365 fe·

212 4404 402 4473 licissimum
434 4406 467 4468 et
489 4402 700 4469 utilissimam
724 4421 853 4487 operam
876 4405 1061 4487 posuerunt.
1109 4400 1290 4470 Palmariae
1314 4425 1407 4490 quae-
