3076 5004
721 272 764 340 23

144 466 337 543 ἸταλιῆτΑΙ
377 464 477 538 ε’ῖντες
521 465 675 547 Οῖνοοτροι.
716 485 773 550 pro
808 461 947 541 ἐγένοντο
983 465 1015 526 et
1049 459 1234 533 Ἰταλίητες.
1292 448 1335 523 Elt

147 575 325 651 Ἰταλίητες
341 612 344 618 -
360 576 491 660 quidem
526 595 600 639 cum
635 585 720 639 certa
754 570 919 657 analogiae
953 568 1025 655 lege
1060 573 1167 653 aparte
1201 571 1334 654 pugnat.

144 683 263 748 Forma
282 683 461 748 communis
482 679 662 755 Ἰταλιώτης
682 679 786 746 lonico
805 681 896 744 sonat
914 674 1103 751 Ἰταλιιὶτιις,
1121 679 1160 739 ut
1175 679 1334 751 Μαιῶτις,

144 795 304 868 Μαιῆτις,
329 795 361 855 et
383 788 447 854 alia
468 787 572 874 plura.

195 1029 274 1118 Pag.
309 1027 363 1095 35.
396 1027 472 1110 φέρε
504 1027 540 1103 aa
571 1027 623 1093 καὶ
656 1028 690 1093 τὸ
721 1027 807 1106 γένος
829 1029 963 1093 “ocoN
985 1021 1019 1101 ἦν
1041 1027 1076 1092 τὸ
1099 1031 1157 1090 τῶν
1182 1024 1337 1104 Οἰνώτρων

148 1133 369 1213 ἀποδείξωμεν.
416 1134 534 1201 Varum
567 1156 634 1201 essa
662 1134 795 1200 ‘ooeN
829 1132 862 1210 ἦν
889 1142 965 1213 (non
987 1128 1045 1199 οῖον
1069 1126 1103 1207 ἦν
1126 1131 1210 1216 quod
1232 1129 1339 1196 Kiess·

147 1243 230 1330 ling.
262 1241 440 1329 substituit)
474 1263 524 1307 res
558 1245 628 1327 ipsa
662 1241 810 1307 declarat.
856 1239 1061 1306 Demonstrat
1095 1242 1181 1304 enim
1217 1258 1269 1302 eos
1304 1260 1339 1302 ec

149 1349 286 1412 Arcadio
315 1371 375 1412 οιιο
405 1348 549 1412 oriundos
578 1353 694 1414 testem
725 1354 757 1413 et
787 1353 948 1414 auctorem
973 1347 1148 1432 producens
1172 1344 1338 1426 Φερεκύδην

150 1454 203 1518 τὸν
237 1452 412 1539 Ἀθηναῖον,
443 1457 495 1520 cui
526 1455 701 1520 reddendae
731 1459 806 1519 sunt
833 1454 952 1520 formas
973 1452 1098 1518 lonicae
1121 1451 1257 1530 γαμέει,
1282 1450 1339 1513 σῖτ’

151 1557 205 1644 ἧς,
235 1559 401 1638 καλέεται,
431 1561 499 1625 ἆτ’
522 1557 556 1625 οὗ
581 1559 721 1640 Οἴνωτροι
746 1562 910 1626 καλέονται
934 1561 959 1625 οῖ
983 1562 1013 1625 ἐν
1038 1558 1161 1639 Ἰταλῖρ
1183 1557 1339 1629 οἰκέοντες.

195 1667 234 1733 In
257 1667 416 1733 similite
440 1667 523 1734 dixit
544 1689 619 1756 pag.
644 1666 720 1733 336.
745 1665 848 1739 οἵτινές
872 1692 908 1733 τε
933 1666 985 1731 καὶ
1011 1665 1141 1732 ὁπόθεν
1165 1660 1252 1739 ἦσαν.

196 1908 276 1998 Pag.
310 1907 363 1974 36.
392 1911 538 1984 κληθῆναι
564 1909 594 1974 δὲ
618 1910 818 1990 Ἀβοριγῖνας
844 1908 893 1973 tal
919 1915 974 1983 τοῖς
999 1910 1029 1972 ἕν
1053 1918 1116 1982 τοῖς
1140 1907 1233 1992 ὄρεσιν
1259 1908 1340 1982 οἰκή-

149 2041 237 2090 σεως.
284 2013 469 2081 Scribarum
504 2036 606 2082 errore
640 2016 762 2082 factum
795 2021 842 2082 est
872 2021 910 2081 nt
942 2015 1134 2097 Ἀβοριγῖνες
1161 2015 1340 2081 dicerentur

152 2125 203 2210 (ut
234 2122 396 2203 δελφῖνες,
430 2123 565 2206 οὶνιτῖνες)
599 2142 678 2207 qnos
708 2128 831 2188 constat
853 2122 1033 2208 penultima
1055 2123 1144 2188 brevi
1166 2121 1342 2202 Αῖοοῖρῖαοο

151 2227 341 2315 appellatos
357 2228 465 2294 fuisse.
511 2227 639 2294 Fatellit
667 2228 824 2294 librorum
855 2232 974 2295 vitium
998 2228 1196 2315 Stephanum
1219 2227 1341 2314 Byzan-

151 2337 260 2400 tinum
281 2338 315 2399 in
340 2357 370 2402 v.
416 2332 479 2400 Sed
502 2333 666 2400 oraculum
690 2356 709 2400 a
731 2334 885 2422 Dionysio
908 2335 1076 2401 laudatum
1099 2357 1173 2424 pag.
1199 2334 1253 2400 51.

337 2442 380 2517 ἠδ’
405 2441 619 2522 Ἀβοριγινέων
643 2440 799 2527 Κοτύλην,
824 2439 858 2507 οὔ
882 2445 973 2516 νοῖσος
998 2445 1133 2523 ὀχεῖται.

151 2545 285 2614 meliora
307 2549 407 2615 docet.

197 2654 388 2744 Dionysius,
412 2657 468 2743 qui
492 2658 668 2722 contemnit
691 2656 841 2722 absurdas
865 2656 1089 2745 llltymologias
1111 2658 1250 2724 nominis
1274 2666 1340 2724 Πα·

152 2761 260 2826 λατιον
282 2777 356 2851 pag.
382 2760 436 2826 83.
461 2763 608 2848 (παρέχει
632 2772 757 2837 πολλοῖς
783 2765 906 2830 οῖτότιον
929 2767 1134 2843 ἐτυμολογιῶν
1158 2765 1343 2847 ἀφορμαῖς),

152 2870 274 2934 nemini
303 2873 338 2934 in
368 2869 427 2935 hoc
457 2891 572 2958 genero
598 2871 743 2956 palmam
766 2871 951 2938 stoliditatis
972 2873 1123 2939 concedit.
1171 2873 1256 2954 Quid
1278 2895 1342 2940 non

152 2994 343 3060 concoquere
365 2977 465 3062 possit
487 2979 533 3055 is,
559 2979 614 3062 qui
638 2980 718 3044 sorio
742 2980 842 3045 credit
864 2980 1040 3062 Αῖννῖρὶαοι
1062 2978 1112 3044 ε’τὶ
1138 2985 1192 3053 τοῖς
1217 2981 1247 3044 ἐν
1276 2988 1339 3055 τοῖς

151 3079 246 3161 ὄρεσιν
268 3082 410 3158 οἰκήσεως
434 3104 549 3150 nomen
572 3083 707 3150 habore?

200 3320 279 3414 Pag.
304 3323 356 3392 40.
382 3323 600 3396 scribendum:
622 3327 688 3397 εἰιεῖ
704 3328 761 3410 μὲν
781 3332 951 3422 (σεριςεροὶ)
974 3331 1025 3401 ἕτὶ
1047 3333 1128 3417 δρυὸς
1150 3335 1231 3415 ἱεροῖς
1252 3335 1341 3403 καῖε·

154 3433 263 3514 ζομὲννι
301 3435 473 3517 θεσπιῳδεῖν
508 3438 648 3516 ἐλέγετο.
693 3440 916 3507 Necessarium
951 3445 1093 3526 τεριςεροὶ
1128 3467 1147 3511 a
1182 3446 1342 3534 Stephano

154 3540 340 3627 suppletum
364 3563 421 3608 suo
441 3543 510 3610 loco
534 3548 669 3631 reposui.
716 3547 828 3613 Editor
851 3554 923 3634 post
944 3551 1026 3632 ἱεροῖς
1050 3553 1228 3649 collopavit.

200 3766 279 3856 Pag.
313 3765 366 3832 43.
400 3768 459 3854 [ἐν]
493 3769 618 3851 τολέριιρ
650 3773 860 3861 κρατηθεῖσαν.
910 3777 1031 3846 Vitiosa
1054 3782 1162 3851 addita
1185 3796 1233 3855 est
1255 3814 1343 3878 prae.

151 3877 270 3961 positio
277 3895 285 3954 ;
318 3876 349 3939 ἐν
374 3876 499 3959 τολέραορ
523 3884 571 3943 est
594 3880 666 3943 tetta·
688 3887 828 3968 tempore,
854 3885 978 3970 τολὲμορ
1003 3890 1035 3953 ον’
1049 3899 1213 3975 ραρααιιιίο
1236 3905 1287 3968 vol
1309 3907 1341 3971 σι’

152 3988 183 4045 et
204 3981 308 4049 ασαοοὲι.
716 3989 720 3997 ’

199 4191 279 4281 Pag.
315 4192 370 4259 45.
403 4194 550 4264 οὶνῖταται
586 4198 618 4263 δὲ
652 4199 687 4264 ἐκ
721 4202 890 4270 τούτων-
904 4206 1049 4287 πόλεμος.
1096 4212 1221 4281 Passim
1256 4221 1341 4305 apud

154 4299 348 4386 Dionysium
379 4302 525 4370 οῖνῖςαται
558 4312 606 4370 est
637 4310 751 4396 oritur,
776 4313 909 4378 exoritur
931 4316 1053 4383 bellum
1076 4320 1130 4386 vel
1152 4323 1266 4392 seditio
1288 4327 1343 4396 vel

154 4406 293 4486 similia,
315 4427 378 4474 non
400 4429 474 4476 sano
497 4411 653 4481 bonorum
675 4419 866 4504 scriptorum
889 4425 1045 4514 exemplo.
