3076 5004
689 302 753 373 137

122 495 178 563 καὶ
202 490 408 583 βοσκήματα]
431 493 474 559 τοὶ
498 493 555 571 μὲν
580 494 816 571 ἐνεπίμπρασαν
838 490 881 556 τοὶ
905 490 937 557 δὲ
961 490 1193 575 κατέσφαττον.
1232 490 1315 557 Pue-

123 601 197 668 rilis
218 599 479 668 amotetiuncule
502 621 541 667 ex
563 602 710 688 margine
733 600 870 685 irrepsit.

171 840 251 931 Peg.
290 839 388 909 1335.
432 837 474 917 οἷς
511 843 751 908 ἐνετείλατο
785 841 855 916 τοὺς
891 841 1186 925 Φνγύδας-τρὸς
1223 841 1317 908 αύτίν

125 947 227 1028 ἄγειν.
274 950 324 1016 Ab
354 948 516 1016 Herodoto
547 953 665 1016 sumsit
695 950 887 1026 ἐνετείλατο,
912 969 974 1035 quo
996 950 1093 1016 verbo
1115 970 1210 1015 nemo
1233 949 1318 1014 Atti·

125 1078 236 1125 corum
259 1057 420 1122 utebotur.

172 1282 253 1373 Peg.
280 1280 376 1349 1337.
401 1281 469 1348 corr
493 1280 579 1363 ταροὶ
602 1290 672 1355 ταῖς
698 1281 798 1362 ύύροιις
821 1285 941 1358 τολλύν
963 1306 1033 1349 τινα
1047 1320 1087 1332 -
1102 1279 1184 1364 εύρον
1209 1288 1317 1366 <totc-

125 1391 192 1466 κύν.
227 1389 318 1454 Libri
338 1387 404 1468 περὶ
426 1396 497 1459 ταῖς
519 1390 630 1469 ύύραις.
667 1387 787 1453 Verum
808 1410 874 1454 esse
894 1391 1030 1455 arbitror
1050 1389 1117 1469 περὶ
1139 1390 1196 1461 τοὶς
1216 1388 1318 1469 ύύρας.

124 1497 207 1562 eirca
228 1496 329 1582 soree.
377 1493 513 1559 Photius
546 1495 796 1575 Περιύνρεῑνε
829 1494 896 1576 τερί
931 1496 1021 1576 ύύρας
1053 1491 1146 1573 είνοιι,
1171 1494 1256 1580 quod
1278 1494 1318 1561 de

123 1621 244 1689 magno
266 1601 437 1667 hominum
460 1622 594 1667 numero
617 1600 747 1668 dicitur.

172 1842 252 1931 Peg.
286 1839 385 1909 1337.
416 1839 635 1907 memorabilis
666 1845 714 1906 est
745 1842 918 1926 scripturae
953 1842 1090 1907 varietas
1124 1843 1159 1906 in
1192 1841 1316 1908 verbis:

123 1948 198 2021 τοὺς
229 1948 286 2026 μὲν
314 1946 431 2021 ἄλλους
455 1949 645 2025 σύμπαντας
669 1947 738 2013 ούτε
762 1955 820 2012 τῶν
844 1949 995 2025 σοιμοίτοιν
1020 1946 1065 2013 ἔτι
1098 1971 1220 2029 καρτε
1229 1946 1318 2026 ρούς

124 2052 248 2128 ὄντας
272 2052 342 2120 ούτι
367 2062 423 2120 τῶν
442 2061 557 2137 Φρενῶν
576 2052 626 2119 δια
647 2054 697 2119 τὸν
718 2049 792 2118 οίνον
812 2055 976 2132 προβάτων
996 2053 1080 2130 δίκην
1100 2051 1319 2133 κατέσφαξαν.

124 2165 163 2228 in
192 2161 340 2229 omnibus
367 2161 460 2227 libris
482 2166 606 2247 prseter
628 2181 728 2225 unum
753 2159 942 2226 Urbinotem
965 2181 1023 2246 pro
1046 2161 1206 2242 καρτεροὺς
1228 2158 1335 2232 ίντας·

124 2266 250 2356 legitur
282 2272 481 2349 κρατοῦντας.
527 2264 736 2352 interpolator
767 2265 815 2330 ἐτ’
846 2265 1013 2347 αὐτοφώρῳ
1045 2273 1171 2333 tenetur
1197 2272 1230 2332 et
1251 2287 1320 2353 per·

126 2375 236 2459 spicue
258 2375 478 2459 interpretatio
501 2375 666 2457 antiquom
689 2371 858 2437 lectionem
883 2371 1018 2458 expulit.

173 2478 323 2561 Καρτερύς
356 2503 434 2552 τινος
464 2499 522 2566 pro
550 2479 721 2560 ἐγκρατής,
754 2477 851 2557 κύριος
882 2480 977 2544 etiem
1012 2477 1085 2543 eliis
1118 2479 1318 2565 sequioribus

126 2584 266 2673 ploeuit,
292 2605 429 2671 quorum
450 2584 536 2652 locos
558 2587 698 2652 servavit
720 2581 836 2650 Suides
858 2586 893 2648 in
915 2604 947 2650 v.

171 2812 253 2902 Peg.
289 2809 387 2879 1339.
419 2806 452 2887 ἦν
476 2811 507 2876 δὲ
530 2809 612 2877 οὐδὲν
636 2807 713 2884 είδος
737 2811 919 2889 οὶναγκοιίας
941 2815 1056 2892 τροφῆς
1080 2809 1094 2877 i
1120 2814 1172 2877 ούκ
1197 2811 1320 2894 ίτείρα·

129 2917 176 3000 ζον
205 2919 262 2985 ἔτι.
311 2918 411 2985 Senon
435 2926 520 2985 carot
542 2915 599 2984 ἔτι.
645 2918 741 2984 Retio
764 2917 873 2995 ducit,
897 2924 929 2984 et
952 2921 1039 2985 vitoe
1062 2940 1138 2984 usus
1160 2917 1201 2985 ed
1223 2914 1237 2983 ὃ
1261 2921 1317 2985 οὐκ

130 3024 287 3108 ίτείραζύν
317 3049 439 3099 τινες.

173 3251 253 3341 Peg.
288 3249 385 3316 1342.
417 3252 459 3331 τῷ
491 3249 576 3332 δύμῳ
607 3250 638 3315 δὲ
668 3252 739 3314 κατ’
771 3251 875 3330 οέρχίις
909 3250 965 3327 μὲν
996 3243 1029 3323 ἦν
1057 3250 1180 3332 ύσμίνῳ
1203 3261 1320 3318 TOTC

130 3362 317 3440 κληρούχους
341 3357 583 3440 διαλαγχάνειν.
617 3356 747 3423 Excidit
771 3358 925 3424 articulus
948 3366 1007 3422 TO
1029 3358 1100 3430 τοὺς
1121 3358 1322 3440 κληρούχοις.

176 3583 257 3672 Peg.
284 3581 383 3649 1343.
410 3620 451 3632 -
465 3581 516 3647 τὸν
535 3581 640 3659 λοιμὸν
662 3577 692 3652 ὃς
713 3581 743 3646 ἐν
763 3590 801 3662 τῇ
821 3580 981 3667 μελλούσρ
1002 3584 1094 3649 αὐτὸν
1116 3583 1323 3667 ὑποδέχεσθαι

132 3701 249 3758 τολΤΕ
283 3689 446 3770 γενόμενος
482 3689 550 3761 τοὺς
586 3689 743 3763 οἰκήτορας
778 3686 963 3768 διεφθάρκει.
1029 3690 1119 3756 Libri
1153 3692 1323 3757 deteriores

132 3802 260 3864 servunt
282 3818 392 3865 veram
415 3796 585 3862 lectionem
609 3797 697 3860 cire
720 3815 777 3879 pro
801 3794 909 3866 πολύς.
955 3794 1160 3862 scribebatur
1183 3792 1233 3865 τ’.

176 4006 256 4096 Peg.
282 4006 380 4073 1344.
413 4008 569 4088 τοιρελίὼν
601 4006 730 4078 Σικίνιος
761 4005 886 4076 τολὺς
923 4002 1029 4083 ἔρρει
1064 4007 1148 4072 κατὰ
1173 4016 1228 4086 τῆς
1252 4008 1324 4087 βον-

131 4123 198 4190 λῆς.
245 4112 399 4180 Sumtum
432 4120 480 4180 eet
510 4135 549 4179 ex
579 4113 745 4179 decantato
775 4112 845 4177 loco
876 4110 1101 4176 Demosthenis
1132 4115 1170 4179 de
1208 4116 1325 4182 Οοτονιο

130 4240 207 4308 pag.
240 4219 318 4288 272.
356 4220 407 4287 19.
439 4220 509 4287 τότε
541 4219 602 4298 ἐγὼ
623 4220 679 4295 μὲν
703 4222 744 4299 τῷ
769 4221 885 4284 Πύθωνι
910 4218 1115 4298 θρασυνομένῳ
1142 4221 1195 4284 καὶ
1220 4224 1325 4303 πολλῷ

130 4327 223 4408 ρέοντι
255 4327 322 4392 καθ’
355 4329 437 4406 ὑμῶν
469 4328 529 4408 οὐχ
555 4326 759 4407 ύτὲχωρνσοι,
785 4325 823 4391 de
849 4345 910 4410 quo
933 4324 1117 4390 Demetrius
1140 4329 1174 4390 in
1198 4326 1324 4416 elegan-

130 4433 256 4501 tissimo
286 4432 369 4501 libro
400 4433 467 4516 τερ)
502 4433 661 4517 ἑρμηνείας
693 4433 712 4516 ξ
743 4430 820 4500 272.
854 4432 907 4498 καὶ
939 4433 1002 4514 γὰρ
1036 4430 1256 4516 μιταφίροντα
1279 4433 1325 4505 ίςι
