3076 5004
735 269 798 337 158

170 454 252 524 δεινοὶ
276 462 371 522 ποιεῖν
393 459 432 528 cte
457 455 509 523 τί·
541 458 612 539 »τῷ
644 457 796 525 Πιίίανι
821 461 1101 544 θρασυνομένῳ
1125 462 1195 528 καῖ
1220 463 1364 544 πολλῷ

171 565 303 645 ῥέοντι
336 567 423 628 καθ’
456 564 589 640 ὑμῶν.”

217 667 326 735 Simili
356 670 542 756 metaphora
573 672 670 744 πολὺς
702 681 787 737 πνεῖν
811 673 929 739 dicitur
951 675 1067 760 aliquis
1089 697 1163 764 pag.
1188 676 1365 752 1426111

172 775 338 848 αὐθαδείας
372 773 404 851 ἧς
437 776 533 848 πολὺς
561 777 643 842 έπνει
667 779 739 845 τότε
774 784 806 845 et
828 800 902 867 pag.
929 779 1025 847 1628.
1053 783 1083 846 έν
1107 779 1148 856 οίς
1173 785 1237 866 γαρ
1261 787 1366 851 οῖνίεῖν

173 881 283 955 έδίκεις
309 881 516 962 πολιτεύμασι
540 883 592 948 καί
617 885 714 958 πολὺς
739 883 848 959 ἔπνεις.

217 1095 297 1182 Peg.
325 1092 419 1159 1346.
446 1095 711 1175 προσαναχκοίσον
736 1099 806 1170 τοὺς
835 1099 1049 1170 ἐκκαύσαντας
1080 1101 1115 1166 τὸ
1144 1100 1235 1167 δεινὸν
1263 1124 1369 1166 κασα-

174 1200 308 1279 σβέσαι,
354 1205 519 1270 imovero
543 1213 614 1269 ΚΑΙ
639 1205 858 1289 κατασβέσαι,
883 1208 977 1272 utin
1001 1209 1187 1273 notissimo:

490 1314 638 1393 Τήλεφον
662 1312 675 1374 ί
699 1310 815 1392 τρώσας
840 1311 892 1376 καῖ
918 1313 1040 1379 ίοίσατο.

218 1419 313 1484 Plato
341 1403 392 1482 iu
410 1417 522 1500 θοτρία
544 1438 616 1505 pag.
643 1415 717 1483 447.
732 1419 760 1483 b.
787 1418 847 1496 ἐγὼ
870 1419 933 1499 ρίιρ
959 1419 1011 1484 καῖ
1035 1417 1183 1500 ίιίσομαι,
1208 1421 1266 1487 ubi
1289 1420 1367 1488 vide

174 1522 435 1592 Stallboumium.
1341 1543 1344 1548 '

213 1738 301 1826 Peg.
330 1736 426 1802 1346.
459 1740 518 1800 τῶν
541 1735 573 1800 δὲ
597 1735 690 1816 μκδέν
715 1735 858 1801 ἐνδιδόναι
881 1734 1111 1816 μαλακίζεσθαι
1137 1734 1370 1814 σνμβονλενίν·

174 1832 233 1909 ταν
268 1841 341 1924 πρὸς
378 1841 444 1928 [τὸν
478 1841 584 1930 δῆμον]
622 1840 717 1923 ῖχλσν
753 1843 870 1915 αιίίαδνῖ
905 1842 957 1907 καί
994 1845 1126 1921 ιίμαίνῖ.
1160 1840 1371 1907 Ostendimus

175 1971 270 2036 supra
301 1946 395 2027 μηδὲν
427 1946 569 2013 ἐνδιδόναι
602 1956 778 2022 μαλακΟΝ
812 1950 930 2036 corrigi
956 1954 1107 2033 oportere.
1154 1934 1372 2033 Perspicuum

174 2060 223 2122 est
246 2054 297 2120 τὸν
321 2054 414 2130 δῆμον
437 2056 472 2119 in
495 2053 649 2120 Urbinete
673 2056 828 2121 omissum
853 2054 932 2121 olim
956 2056 995 2120 eb
1019 2055 1149 2121 homine
1178 2054 1371 2120 futilissimo

171 2164 207 2228 in
236 2163 382 2249 margine
405 2159 601 2245 adscriptum
623 2160 732 2226 fuisse.
777 2159 815 2224 11
838 2161 970 2245 reliquis
992 2161 1189 2227 desideratur
1219 2163 1371 2226 coniunc-

172 2270 234 2346 tio;
269 2265 501 2354 supplendum:
528 2267 690 2344 -οίμαίῆ
719 2267 763 2355 (ἢ)
788 2267 1178 2349 θρασεῖαν-δημοκόπων
1201 2267 1331 2346 μανίαν.

217 2479 297 2568 Peg.
324 2476 420 2545 1349.
446 2476 480 2544 τί
502 2473 551 2544 οὖν
571 2475 731 2549 Μαίίντες
752 2477 889 2557 ἐμποδὼν
910 2475 1018 2548 ίςασίε
1039 2481 1127 2558 ἧμῖν;
1153 2477 1369 2544 Traloticium

171 2590 292 2654 vitium
322 2593 370 2653 est
398 2607 455 2673 pro
486 2586 518 2652 τί
549 2583 599 2652 οὖν
629 2585 802 2670 Παίίντες,
834 2586 917 2671 quod
947 2587 982 2651 in
1011 2584 1166 2651 Urbinete
1188 2591 1367 2670 repertum

172 2693 340 2779 spernitur.
393 2692 431 2757 In
463 2713 499 2758 es
527 2691 704 2765 locutione,
737 2711 799 2776 que
829 2693 1003 2756 sexcenties
1034 2690 1209 2777 Dionysius
1239 2693 1365 2783 utitur,

171 2800 247 2866 libri
268 2803 421 2885 perpetuo
444 2797 610 2864 fluctuent.
658 2795 850 2882 Saepissime
873 2795 906 2861 τί
925 2798 1047 2882 παθών,
1070 2797 1220 2870 παίίντες
1241 2799 1366 2877 evasit3

171 2928 234 2973 non
264 2908 372 2971 minus
402 2926 494 2991 saepe
524 2906 556 2969 τί
578 2905 703 2980 μαθών,
728 2904 879 2981 μαίίντες
898 2906 1018 2969 vitiose
1040 2902 1201 2969 scribitur.
1247 2902 1368 2969 Emen-

136 3094 139 3099 .
172 3012 313 3078 dandum
331 3014 434 3101 igitur
453 3031 526 3100 pag.
550 3009 648 3075 1691.
671 3009 704 3075 τί
723 3007 772 3074 οὖν
796 3009 948 3079 Παίίντες
972 3002 994 3074 σῖ
1014 3010 1086 3074 τίτε
1105 3009 1369 3089 συνεχωρήσαμεν

172 3124 222 3185 νῦν
256 3120 486 3196 οῖναίκσίμείας
524 3123 556 3183 et
589 3137 661 3205 pag.
701 3114 799 3182 1378.
836 3115 868 3180 τί
901 3111 949 3180 οὖν
985 3114 1137 3187 Παίίντες
1175 3116 1366 3196 ἐπιχειρεῖτε

172 3225 280 3292 ποίντα
312 3233 447 3308 συγχεῖν
477 3230 582 3290 ταῦτα
607 3222 685 3301 νσνί;
710 3219 786 3287 Sine
810 3222 925 3287 mendo
947 3242 1021 3309 pag.
1048 3220 1146 3286 1375.
1171 3221 1204 3287 τί
1227 3216 1276 3286 οὖν
1299 3247 1366 3287 πα-

172 3335 272 3407 ίίντες
302 3335 328 3403 οῖ
359 3330 542 3409 δημαγωγοὶ
575 3330 647 3409 ἡμῖν
679 3329 884 3409 ἒχκαλοῦσινς
908 3330 943 3394 in
968 3328 1084 3413 quibus
1107 3328 1254 3394 omnibus
1278 3329 1365 3394 inest

171 3441 330 3508 stultitiae
353 3439 561 3526 exprobratio.

216 3655 297 3743 Peg.
330 3650 429 3720 1351.
461 3652 493 3715 οὐ
518 3650 580 3728 μὴν
600 3644 706 3714 ῖπασί
728 3670 767 3726 με
791 3646 884 3729 είσρίει
909 3645 961 3710 καῖ
986 3645 1111 3723 μοίλιςα
1134 3654 1197 3719 τοῖς
1221 3646 1363 3727 πρεσβν·

171 3761 263 3843 πέροις
295 3758 440 3836 ὀλιγωρία
471 3761 524 3821 τοῖν
557 3754 766 3834 προίγματοςς
791 3754 883 3817 οῖλλοὶ
914 3752 1134 3832 προσέχειν
1165 3752 1209 3831 μιί
1233 3776 1263 3818 τι
1289 3754 1364 3829 οῖννί-

171 3892 258 3937 κεςον
290 3870 306 3943 ἡ
340 3869 393 3929 τοῦ
424 3862 527 3941 ἀνδρὸς
558 3860 766 3940 ἕξερνοίσνται
796 3859 906 3937 μανία.
953 3859 1025 3925 Non
1047 3865 1095 3925 est
1117 3881 1230 3925 sonum
1256 3860 1364 3937 προσέ-

170 3998 258 4057 χειν,
290 3969 375 4056 quod
405 3991 444 4034 ex
475 3970 568 4050 εἰσῄει
593 3969 741 4054 suspendi
763 3988 826 4033 non
848 3971 961 4051 potest.
1008 3965 1153 4031 Fortasse
1174 3986 1290 4033 verum
1314 3971 1363 4032 est

172 4086 347 4161 προσεῖχον.

216 4185 295 4252 Post
321 4205 421 4270 peuce
443 4183 663 4250 scribendum:
688 4181 782 4262 ὄχλος
808 4180 872 4260 rias
896 4175 962 4253 ίσος
988 4179 1179 4247 οὐδεπώποτε
1203 4179 1360 4256 σνννῖλίεν.

216 4397 299 4489 Psg.
333 4395 432 4464 1352.
462 4396 715 4473 ἐπικελεύσαντος
747 4398 800 4460 τοῦ
833 4394 928 4474 δίμον
944 4394 1049 4458 -τδν
1084 4392 1173 4472 νίμον
1209 4392 1360 4477 εἰσφέρειν
