3076 5004
732 239 799 315 280

170 444 300 530 patrum
323 436 479 504 memoria
501 435 698 503 accidissent.
745 435 892 503 Evander
915 458 991 506 oum
1013 441 1118 505 matra
1138 435 1310 506 Carmenta
1328 441 1363 505 et

174 547 350 614 Arcadibus
380 547 415 609 in
445 542 573 608 Italiam
605 545 694 608 venit
725 542 855 623 ἓξηκοςῷ
888 546 1012 622 μοίλνςον
1041 544 1101 611 iro
1133 545 1272 625 πρότερον
1302 551 1362 610 τῶν

138 697 140 700 >
173 657 332 734 Τρωίκῶν,
355 654 400 722 νίς
424 649 538 715 circi
565 652 750 726 Ῥωμονῖον
776 650 985 727 λέγουσιν.
1014 653 1363 738 utscribitDionysius

174 781 248 847 pag.
282 757 336 823 80.
382 758 532 833 Latinus,
564 776 620 820 rex
647 757 879 842 Aboriginum,
903 755 1053 823 Herculis
1075 757 1162 824 filius
1185 766 1257 843 post
1280 757 1363 822 Her-

174 865 255 931 culis
285 887 325 930 ax
354 863 449 928 Italia
478 863 650 927 discessum
680 862 835 948 regnabat
861 860 923 928 ἔτει
947 863 1081 943 πέμπτῳ
1104 865 1156 930 cai
1183 864 1363 944 πεννηνοςῷ

172 969 315 1048 μοίλνςνι,
346 971 391 1042 ὥς
424 968 539 1034 αὐτοὶ
572 970 757 1045 Ῥωμαῖον
788 967 1001 1047 λέγουσιν,
1033 975 1065 1035 et
1093 971 1152 1036 sub
1176 972 1302 1036 Aeneae
1328 973 1364 1035 in

173 1076 302 1143 Italiam
332 1075 506 1142 adventum
535 1073 678 1151 πέμπτον
710 1075 762 1138 κοί
792 1074 949 1154 τρνονκοςίν
972 1073 1038 1148 ἔτος
1062 1071 1133 1158 εἶχε
1160 1078 1215 1150 την
1239 1076 1362 1158 cippis,

174 1189 255 1249 teste
289 1182 443 1268 Dionysio
472 1202 546 1268 pag.
581 1179 656 1244 112.
704 1179 802 1246 Haud
831 1184 920 1246 secus
952 1181 991 1247 de
1012 1183 1053 1247 iis
1075 1182 1169 1248 rebus
1191 1183 1302 1247 scribit
1327 1203 1364 1249 ac

174 1293 299 1357 sivivo
322 1288 405 1354 Iulio
428 1284 560 1352 Caesare
583 1291 639 1351 aut
663 1285 836 1352 Octaviano
857 1288 1006 1375 Augusto
1028 1287 1151 1354 Romae
1171 1291 1365 1355 evenissent.

219 1499 310 1566 Unde
340 1497 471 1565 tandem
498 1499 585 1562 ortae
615 1497 680 1561 sint
701 1494 826 1560 fabulae
850 1495 888 1563 de
912 1495 1054 1583 Ulyssis,
1078 1497 1260 1576 Diomedis,
1284 1498 1364 1567 Phi-

174 1606 327 1679 lootetae,
363 1604 461 1689 Epei,
498 1603 667 1668 Antenoris
701 1606 733 1667 ot
768 1603 891 1666 Aeneae
926 1605 961 1666 in
994 1601 1123 1668 Italiam
1159 1604 1298 1670 adventu
1331 1609 1365 1670 et

173 1715 256 1778 circa
279 1732 359 1796 quae
381 1715 525 1794 tempora
546 1712 581 1773 in
603 1708 723 1794 vulgus
746 1728 870 1792 sparsae
893 1709 1012 1775 fuerint
1031 1712 1101 1795 quis
1121 1710 1224 1776 dicere
1242 1708 1364 1796 possiti

173 1819 229 1885 sed
257 1821 456 1903 pervetustas
486 1836 552 1880 esse
582 1813 687 1883 multa
716 1820 791 1879 sunt
819 1815 938 1880 indicia
968 1821 1000 1880 et
1024 1818 1209 1882 testimonia
1231 1818 1364 1902 scripto·

172 1946 256 1991 rum.
304 1924 507 2008 Antiquiores
538 1941 646 1986 omnes
678 1921 835 1984 Romulum
866 1923 983 1986 Aeaeae
1006 1923 1111 2006 filiam
1143 1934 1198 1986 οννο
1229 1945 1264 1987 ευ
1286 1925 1345 2008 fio·

174 2037 304 2114 μομοοονν
334 2029 471 2093 faciunt:
502 2029 610 2110 itaque
642 2025 779 2090 Romam
811 2027 971 2091 conditam
1007 2027 1132 2112 δευτέρᾳ
1154 2037 1249 2114 γενεᾷ
1274 2032 1362 2107 μετὰ

175 2138 227 2202 τὸν
258 2134 390 2199 Ἰλνονκὸν
420 2131 565 2208 πόλεμον.
612 2130 745 2217 Dionys.
769 2153 842 2219 pag.
870 2133 946 2198 180.
971 2134 1126 2214 Κεφοίλων
1151 2135 1164 2198 ὅ
1189 2136 1362 2221 Γεργίθιος,

176 2243 297 2328 inquit,
332 2237 539 2320 συγγραφεὺς
571 2240 752 2309 ralatio
783 2237 888 2304 ποίνυ
919 2239 1044 2324 δευτέρον
1074 2248 1169 2325 γενεᾷ
1199 2244 1285 2320 acroi
1310 2243 1362 2309 νίν

176 2348 308 2414 Ἰλνοοκίν
339 2344 474 2422 πόλεμον
502 2345 636 2408 εἠτίοίοω
660 2342 748 2420 λέγει
771 2347 826 2420 νην
851 2344 938 2411 πόλιν
963 2348 1019 2411 ὑπὸ
1043 2350 1102 2412 τῶν
1126 2347 1160 2424 ἐξ
1183 2349 1272 2414 Ἰλίου
1298 2352 1362 2415 δεον-

176 2453 325 2520 οωίίντων
354 2453 407 2516 σὺν
433 2440 555 2532 Aineia,
581 2450 692 2523 οίκνςίην
717 2450 747 2514 δὲ
773 2451 869 2526 αὐτῆς
894 2453 1063 2534 ἀποφαίνει
1088 2453 1139 2518 τὸν
1164 2455 1362 2534 ἡγησάμενον

175 2569 229 2636 τῆς
251 2559 396 2628 οίπονηίονς
418 2559 546 2633 Ῥῶμον·
570 2561 676 2620 τοῦτον
699 2554 725 2618 δ’
750 2551 826 2621 sicar
850 2563 908 2621 τῶν
932 2559 1050 2623 Αίνείον
1070 2559 1186 2624 νεοίδων
1206 2557 1269 2626 ἕνον.
1293 2561 1362 2626 τίτ-

176 2691 273 2747 τονρονς
305 2663 336 2730 δέ
365 2668 460 2744 Φηονν
493 2663 601 2744 Aineia
632 2661 773 2739 γενέοίοω
802 2663 920 2733 rastas
947 2662 1123 2742 Ἀσκάνιον,
1150 2665 1360 2745 Εὐρυλέοντα,

174 2770 348 2849 Ῥωμύλον,
379 2774 503 2846 Ῥῶμον.
552 2765 635 2835 Cum
660 2767 839 2852 perantiquo
869 2771 1021 2853 scriptore
1053 2775 1227 2838 consentire
1250 2774 1363 2839 scribit

174 2878 405 2964 Demagmm,
429 2872 644 2962 Agathyllum
668 2871 808 2958 aliosque
832 2874 1019 2959 complures.
1055 2876 1227 2964 Agathylli
1251 2882 1362 2962 poetae

175 2985 292 3051 veteris
315 3004 354 3048 ex
375 2982 511 3047 Arcadia
533 2980 754 3044 testimonium
777 2978 898 3066 legitur
920 3002 994 3068 pag.
1017 2981 1100 3060 123,
1120 2984 1176 3048 ubi
1197 2984 1235 3048 de
1256 2985 1364 3050 Aenea

178 3093 278 3156 canit:

335 3193 428 3266 ωὐτὸς
453 3192 478 3256 δ’
502 3191 662 3270 Ἑσπερίην
686 3188 774 3257 ἔσυτο
796 3192 912 3272 χίίνον,
938 3193 1063 3270 γείννντο
1087 3195 1114 3259 δ’
1140 3191 1190 3261 via

382 3297 547 3376 Ῥωμύλον.

220 3407 304 3474 oum
334 3406 385 3471 his
414 3403 649 3468 consentiebant
671 3402 808 3469 Romani
831 3405 962 3489 quidam
985 3407 1148 3472 Annalium
1171 3409 1361 3492 scriptores,

175 3521 256 3582 teste
286 3512 439 3596 Dionysio
468 3531 543 3595 pag.
577 3507 651 3573 184.
682 3509 797 3575 τούτων
819 3511 851 3575 δέ
876 3535 954 3583 τννες
977 3513 1034 3590 μὲν
1058 3513 1174 3578 Αίνείου
1201 3515 1281 3587 υἱοὺς
1308 3539 1360 3593 γε·

176 3621 276 3687 violas
307 3616 431 3695 λέγουσι
460 3614 614 3690 Ῥωμύλον
638 3638 673 3678 νε
697 3615 750 3680 κοί
774 3621 888 3693 Ῥῶμον
910 3618 979 3688 τοὺς
1004 3620 1119 3692 οίκνςίνς
1142 3627 1198 3693 τῆς
1223 3621 1342 3696 Ῥώμης
1350 3668 1359 3699 ,

177 3727 271 3807 ἕτερον
302 3724 333 3789 δὲ
362 3721 511 3801 royano
536 3719 653 3784 Αἰνείου
677 3722 810 3794 παῖδος.
857 3723 1031 3809 Postquam
1056 3725 1162 3811 aliqua
1182 3726 1239 3791 lux
1265 3725 1362 3795 Grae·

178 3855 232 3901 cae
265 3830 451 3896 eruditionis
480 3827 633 3892 Romanis
664 3827 799 3906 affulsit,
831 3829 977 3895 nonnulli
1008 3833 1170 3896 Αννννοίὶννον
1193 3835 1360 3919 scriptores

176 3937 403 4005 intellexerunt
421 3936 504 3998 inter
523 3935 646 3998 Aeneae
663 3934 837 4000 adventum
854 3940 886 4000 et
904 3935 1044 4002 Romam
1064 3938 1223 4003 conditam
1242 3928 1364 4028 longisss

178 4049 299 4112 simum
322 4041 474 4126 temporis
497 4043 637 4123 spatium
660 4061 722 4105 non
745 4044 853 4106 minus
878 4063 973 4126 quam
998 4045 1219 4109 πεντεκαίδεκε
1248 4047 1359 4122 γενενίο

179 4155 347 4231 interesse,
370 4147 453 4210 unde
477 4145 641 4230 pueriliter
661 4147 834 4212 admodum
854 4149 982 4213 coniicit
1000 4148 1171 4235 Dionysius
1193 4171 1263 4238 pag.
1284 4150 1359 4216 185.

177 4256 285 4326 διττὰς
316 4249 393 4318 olvat
424 4260 479 4326 τῆς
496 4253 624 4338 Ῥώμης
647 4254 706 4325 τοὶς
730 4254 863 4329 κτίσεις,
887 4255 944 4328 νην
968 4255 1024 4331 μὲν
1048 4255 1151 4333 ὀλίγον
1176 4254 1278 4334 tropo
1302 4265 1360 4322 τῶν

175 4365 315 4448 Τρωίνῶν
344 4356 528 4446 γενομένην,
560 4358 615 4431 νην
646 4359 677 4424 oi
708 4360 933 4426 reverentiores
962 4368 1087 4439 γενεμῖς
1116 4362 1280 4444 brandeas
1303 4371 1360 4428 τῶν
