3076 5004
685 247 749 328 101

170 437 251 537 Pag.
279 446 379 514 2141.
404 445 453 522 οὓς
478 448 538 514 ἔδει
562 452 685 517 τούπιὸν
708 451 817 535 οῖρχειν
841 449 916 526 ἔτος.
964 448 1064 516 scrib·
1090 447 1138 523 οὓς
1163 438 1220 516 ἔδει
1248 450 1312 517 GIC

126 554 263 634 τούπιόν,
290 555 332 644 [ia
362 561 526 641 sequentem
558 581 687 643 οκνιιιιιι,
719 564 757 623 ut
787 580 861 647 pag.
896 554 996 623 2134.
1027 557 1070 629 εῖς
1101 558 1223 624 τούπιὸν
1246 555 1313 627 ἔτος

126 658 238 727 ὅποιποι
263 659 510 742 ἀπεδείχθησαν,
535 669 630 751 atque
652 668 700 731 111
722 669 852 752 passim.

169 872 250 960 Pag.
273 871 373 938 2143.
399 871 452 937 xci
477 876 561 938 τοῦτ’
586 875 619 938 ἐκ
643 883 804 955 περινομῆς
828 875 973 953 ἐγίγνετο
996 872 1210 960 [repausati]
1253 874 1313 940 Le·
1385 863 1386 866 Ἴ

123 979 264 1067 gendum
287 980 321 1043 ε’κ
344 987 581 1058 περιΤΡΟΠιῖς,
609 986 641 1046 11
663 983 882 1067 interpretatio
907 980 1082 1061 ποιριιλλοὶξ
1105 984 1139 1046 in
1166 983 1312 1068 margo'ne

122 1085 309 1171 reponenda.
358 1085 419 1149 Per
447 1086 525 1150 cicer
555 1087 672 1152 dicitur
703 1093 759 1153 aut
791 1089 820 1152 ε’ν
852 1097 1016 1171 περιτροπῇ
1041 1089 1312 1169 111ἐκπεριτρο·

125 1200 202 1270 πῆς,
227 1192 256 1256 11
279 1190 356 1277 quid
380 1191 413 1254 ι’νι
436 1193 531 1256 orbem
556 1194 606 1277 (ut
629 1193 741 1260 Livius
766 1194 804 1259 11
824 1194 883 1259 hac
904 1197 973 1280 ipsa
992 1215 1026 1259 re
1046 1194 1157 1259 scribit
1175 1193 1232 1259 III.
1255 1193 1311 1281 36)

115 1321 176 1383 per
198 1319 294 1362 οιιιιιςε
313 1303 381 1362 iret.
415 1296 597 1364 Herodotus
619 1298 676 1363 III.
699 1299 752 1364 69.
779 1301 807 1364 ε’ν
829 1310 993 1383 περιτροπῇ
1019 1302 1052 1365 ci
1075 1305 1222 1378 γυναῖκες
1247 1306 1314 1382 Φοι·

125 1403 224 1469 τέιοσι
256 1410 332 1468 τοῖσι
365 1402 516 1485 Πέρσρσι,
547 1424 608 1489 quo
638 1409 761 1489 spectat
790 1406 900 1471 Photii
931 1405 1037 1493 glossa
1060 1405 1229 1471 mutilata:
1256 1405 1313 1494 (ἐν)

126 1519 374 1591 Περιτροπρῖε
406 1511 435 1574 ἕν
467 1509 601 1591 περιόδῳ.
646 1511 704 1575 Ἐκ
736 1519 916 1592 περιτροπῆς
948 1512 1032 1597 apud
1063 1510 1256 1598 Dionysium
1279 1514 1313 1576 in

125 1616 227 1683 simili
249 1637 283 1682 re
305 1616 427 1703 legitur
449 1638 518 1701 pag.
544 1616 622 1682 846.
648 1619 811 1696 γίγνεσθαι
835 1618 866 1683 δὲ
886 1623 944 1682 τῶν
964 1616 1117 1682 πελέκεων
1137 1619 1192 1693 τίρν
1211 1617 1313 1698 ποιροὶ-

125 1729 220 1803 λνψιν
249 1723 282 1787 ἐκ
314 1731 494 1803 περιτροπῆς
524 1720 576 1788 ἕνκ
607 1732 693 1801 μῆνοο
717 1723 905 1803 κατέχοντος
928 1723 1040 1797 αὐτοὺς
1066 1723 1209 1804 ἓκοιτέροιι
1235 1725 1312 1809 [ποι-

124 1827 272 1914 parrae}
297 1829 355 1896 ubi
377 1830 464 1895 idem
488 1829 646 1896 emblema
668 1831 758 1897 rides
780 1835 866 1896 recte
888 1850 906 1895 a
930 1828 1090 1897 Schnellio
1114 1836 1288 1896 exemtum.

170 2039 250 2127 Pag.
284 2037 384 2104 2144.
416 2038 635 2118 ἐλέχθη-ὦς
668 2040 750 2105 οὐδὲν
782 2038 827 2105 ἔτι
852 2041 949 2115 δεήσοι
974 2040 1070 2118 δήμου
1094 1992 1310 2122 προςκτῶνκ

124 2150 200 2224 μιοῖς
237 2144 401 2218 διοικούσιρς
437 2143 568 2210 οἵποιντοι
605 2146 774 2224 ἧγεμονῖοις
810 2145 1001 2229 σωφρόνΩΟ.
1064 2147 1155 2212 Libri
1188 2152 1314 2232 praetor

123 2253 313 2318 Urbinatem
336 2251 432 2331 δήμου
456 2252 527 2331 πρὸς
551 2251 594 2315 τοὶ
618 2259 693 2328 τῶν,
718 2255 763 2317 111
787 2255 872 2318 enim
894 2253 1121 2318 homunciones
1141 2262 1312 2319 AHMOT·

126 2365 398 2424 neocTAToN
433 2356 587 2444 legerant.
635 2357 674 2421 In
707 2356 768 2423 fine
802 2379 914 2424 revoca
948 2380 987 2423 ex
1020 2358 1111 2424 libris
1143 2362 1312 2438 ἧρερωνίοις

125 2466 318 2547 σώφρονος,
343 2464 426 2550 quod
450 2463 601 2528 Reiskius
625 2467 747 2529 tentare
768 2484 832 2529 non
856 2464 1016 2530 debuerat.
1056 2463 1114 2529 Vel
1135 2467 1205 2550 ipsa
1223 2465 1312 2532 11111

124 2574 233 2660 arguit
266 2569 416 2652 σώφρονος
451 2590 518 2635 1111
552 2590 674 2636 verum.
731 2570 872 2636 Dixisset
906 2572 993 2636 enirn
1028 2574 1104 2649 μιοῖς
1139 2571 1307 2651 ἡγεμονίας

125 2674 254 2743 ἅπτοντος
278 2674 438 2759 σωφρόνως
463 2675 640 2749 διοικοὺοκς.

168 2887 248 2975 Pag.
282 2885 382 2952 2151.
414 2886 470 2951 ubi
494 2886 578 2952 dixit
601 2883 754 2952 Consules
777 2888 862 2951 intra
884 2888 1083 2973 pomoerium
1105 2887 1243 2954 fascibus
1267 2910 1313 2955 se·

123 3014 212 3060 cures
244 3013 307 3058 non
338 2991 451 3058 addere
481 2995 528 3058 ita
558 2996 686 3081 pergit:
719 2992 854 3071 πόλεμον
878 2994 905 3058 δ’
931 2992 1098 3074 ε’ξοὶροντες
1122 2996 1270 3076 ὑπερόριον
1295 2996 1310 3072 ἢ

122 3107 182 3166 τῶν
213 3097 351 3175 ὑπηκόων
382 3099 564 3179 πράγματα
593 3099 863 3178 ε’πισκεΠΤόμενοι
896 3100 968 3166 τότε
1000 3102 1052 3165 sci
1077 3102 1148 3175 τοὺς
1171 3101 1313 3174 πελέκεις

122 3213 195 3280 ποεῖς
226 3204 349 3288 ῥάβδοις
378 3206 646 3285 προσελάμβκνον.
693 3205 834 3294 Egregia
864 3209 979 3292 optimi
1002 3205 1128 3274 Codicis
1150 3207 1244 3275 lectio
1267 3211 1315 3274 in-

123 3312 267 3380 consulto
298 3315 404 3398 spreta
436 3317 491 3376 est.
538 3311 677 3377 Urbinas
704 3315 791 3377 enim
814 3317 919 3379 servat
943 3311 1205 3392 ἐπισκεψόμενοι,
1231 3314 1315 3400 quod

122 3421 194 3505 ipsa
214 3421 261 3484 rei
280 3423 395 3483 natura
418 3417 580 3483 suadebat.
616 3418 740 3504 Nempe
763 3419 862 3486 fasces
886 3440 961 3484 cum
982 3421 1146 3486 securibus
1166 3421 1316 3486 dicuntur

123 3524 240 3591 habere
269 3522 370 3610 legati
401 3525 443 3587 od
471 3547 518 3588 res
547 3524 690 3589 εοοὶονιννιι
720 3525 922 3610 inspiciendos
951 3528 1044 3591 missi
1069 3527 1148 3607 (vid.
1173 3525 1314 3593 Draken-

124 3630 232 3695 borch.
266 3620 307 3694 ad
333 3629 466 3695 Livium
497 3628 600 3696 XLIL
634 3628 679 3711 5.)
710 3634 766 3716 qui
796 3630 916 3699 Graece
947 3652 1010 3697 non
1040 3631 1133 3697 aliter
1163 3652 1260 3717 quam
1290 3635 1315 3698 οῖ

128 3735 364 3815 ἐπισκεψόμενοι
388 3735 431 3800 τοὶ
457 3743 513 3802 τῶν
539 3735 677 3810 ὑπκκόων
701 3736 882 3819 πράγμοιτοι
907 3737 1060 3824 appellari
1082 3745 1224 3824 possunt.

172 3944 253 4033 Pag.
277 3944 375 4011 2154.
401 3945 439 4010 δι’
463 3945 545 4011 οὐδὲν
571 3947 634 4031 [ὥς]
661 3945 726 4023 ἐμοὶ
750 3946 846 4012 δοκεῖν
868 3943 966 4028 ἕτερον
991 3945 1007 4022 ἢ
1032 3945 1066 4011 τὸ
1091 3950 1135 4026 μὴ
1164 3951 1316 4016 συνελθεῖν

126 4053 169 4125 εἷς
194 4050 333 4130 ὁμόνοιοιν
358 4050 400 4115 τοὶ
425 4049 500 4126 idon.
548 4052 805 4139 Expungendum
830 4058 878 4119 est
900 4057 950 4127 ὥς.
997 4052 1153 4120 Herodoti
1176 4060 1209 4119 et
1231 4055 1316 4122 Thu-

126 4158 250 4245 cydidis
273 4157 418 4243 exemplo
443 4159 509 4237 ἐμοὶ
535 4157 630 4224 δοκεῖν
654 4159 787 4224 dixerat.
