3076 5004
688 284 752 353 145

121 480 266 567 optinere
296 482 408 565 potest.
457 478 567 562 Neque
599 477 685 541 enim
716 476 827 543 Sotum
850 477 889 542 de
913 498 949 542 ea
972 499 1005 543 re
1029 475 1097 541 fieri
1119 480 1238 562 potnit,
1258 499 1312 544 ne·

122 608 187 674 que
211 586 394 667 ἀνεδέχεσθε
419 586 620 666 ψηΦίσιισόιιι
644 587 800 669 componi.
847 584 1014 670 Expunoto
1038 584 1230 651 emblemate
1248 606 1312 651 reo·

121 696 251 760 tissime
273 715 306 759 so
329 692 445 758 habent
468 694 586 758 omnia.

170 951 250 1040 Peg.
286 948 383 1015 1414.
417 949 469 1015 nol
494 955 599 1034 τούτου
623 946 705 1028 inor
729 951 789 1015 εἰσό
811 974 888 1020 τινες
913 952 938 1014 οἱ
962 950 1234 1032 ΠΑΡΛψύχονπεσ
1259 952 1311 1018 nni

122 1061 414 1136 nonnionem
448 1055 483 1132 ἐξ
505 1058 596 1133 ὑμῶν.
643 1055 760 1121 Reiske
784 1058 1008 1137 περιψύχοντες
1033 1059 1084 1121 nni
1110 1064 1314 1140 περικροτοῖιυ-

121 1187 186 1236 περ.
219 1164 345 1243 „omboe
374 1163 518 1228 dictiones
549 1165 680 1246 (inquit)
711 1188 726 1225 e
753 1164 848 1226 noerio
879 1164 1008 1248 nyetieie
1029 1165 1179 1229 Adonidis
1200 1174 1312 1231 anniae

119 1277 202 1335 eunt.
238 1270 423 1350 περιψύχειν
455 1271 505 1333 τὸν
535 1269 678 1344 Ἄδωνιν,
713 1279 895 1348 περικροπεῖν
926 1271 977 1333 τὸν
1004 1272 1147 1348 Ἄδωνιν,
1177 1275 1314 1355 flabellis

120 1378 258 1442 Adonidi
280 1377 438 1460 adspirare
460 1397 552 1438 πνουν
566 1375 751 1460 friqidnloe.
778 1383 806 1439 et
828 1377 974 1459 tympanis
995 1377 1150 1462 oiotrieqne
1176 1387 1313 1460 οσρνιόιιιιι

120 1484 321 1549 tinnientibus
361 1483 483 1548 Adonin
524 1481 791 1564 circumstrepere.”
851 1482 998 1568 Suspicor
1032 1484 1108 1548 baeo
1143 1484 1313 1550 Reiskium

120 1611 186 1657 non
220 1589 348 1656 aliunde
379 1588 544 1675 collegisse
568 1608 664 1672 quam
689 1609 727 1652 ex
750 1587 949 1672 Aloiphronis
973 1588 1116 1673 Epistola
1138 1588 1163 1652 I.
1188 1588 1243 1656 39.
1276 1590 1313 1656 σύ

122 1696 157 1762 δὲ
187 1699 260 1774 ἡμῖν
291 1696 367 1774 μόνη
400 1696 451 1760 τὸν
479 1695 608 1759 Ἄδωνιν
640 1693 838 1775 περιόψυχες.
867 1702 898 1760 et
920 1698 953 1758 in
978 1693 1054 1760 fine:
1079 1694 1159 1766 ὅπως
1182 1697 1208 1759 δ’
1233 1694 1312 1773 ἥξεις

122 1802 261 1885 Φόρουσον
292 1802 398 1876 κηπόον
421 1801 473 1866 nni
499 1802 656 1880 κορύλλιον
682 1801 733 1865 nni
758 1803 809 1865 τόν
832 1800 883 1864 σδν
904 1801 1032 1865 Ἄδωνιν
1056 1797 1086 1865 ὃν
1111 1807 1161 1865 νῦν
1186 1804 1313 1881 περιψύ-

121 1934 205 1991 χειν.
236 1908 321 1974 unde
353 1909 467 1973 saltem
500 1909 538 1972 de
568 1928 629 1973 usu
653 1913 685 1972 et
708 1912 836 1973 notione
860 1908 948 1973 verbi
973 1914 1105 1972 constat.
1130 1911 1313 1989 περιψύχειν

123 2020 211 2084 enim
243 2015 397 2099 estquod
421 2011 530 2079 Cicero
555 2015 665 2078 scribit
689 2016 723 2077 in
746 2013 851 2099 lepida
875 2014 1008 2098 epistola
1031 2016 1072 2076 od
1093 2015 1203 2079 Fanit.
1229 2015 1251 2079 Ι.
1280 2016 1311 2083 9.

123 2124 145 2211 §
168 2122 220 2189 19.
236 2121 446 2208 familiariter
469 2127 557 2205 atqne
580 2119 678 2183 ditare
701 2121 882 2203 eripiendi,
906 2141 1007 2205 neque
1030 2120 1244 2187 dubitandum
1267 2130 1315 2190 est

125 2231 202 2316 quin
225 2234 359 2313 utraque
381 2226 506 2291 Reislrii
531 2225 710 2291 emendatio
734 2228 776 2289 sit
799 2226 978 2311 recipienda
1001 2228 1035 2290 in
1056 2232 1194 2294 textum.

170 2467 251 2556 Peg.
286 2463 384 2532 1415.
416 2466 450 2530 ού
483 2463 626 2530 δύνοιντμι
658 2464 785 2529 συνιδεῖν
817 2459 862 2528 ότι
894 2463 977 2528 οὐδὲν
1004 2467 1128 2541 μᾶλλον
1151 2468 1236 2533 nord
1260 2475 1314 2536 πού

128 2573 338 2652 ταπεινοτέρου
368 2571 475 2652 μέρους
507 2578 564 2636 τῶν
597 2573 626 2634 ἐν
656 2582 695 2653 τῇ
728 2571 816 2635 πόλει
840 2570 956 2651 Φύετοιι
979 2571 1062 2635 πουτὶ
1087 2573 1120 2636 τὸ
1145 2574 1238 2639 κοικδν
1264 2578 1315 2642 νιοιὶ

128 2682 212 2746 κοινόν
244 2685 298 2746 τοῦ
329 2677 524 2756 σεμνοτέρου·
557 2679 631 2743 ἀλλ’
664 2677 775 2743 οἴοντοιι
800 2682 853 2741 τού
878 2677 1022 2758 διοιΦόρου
1047 2678 1141 2758 Φύσει
1166 2680 1316 2746 κοιπιιδου-

128 2786 270 2857 λωόένπος
303 2785 353 2850 nni
387 2784 537 2868 (Urbinas
570 2785 621 2848 nni
655 2787 714 2862 μὴ)
742 2786 775 2848 τὸ
800 2782 870 2848 καθ’
897 2784 1024 2855 ἑοιυνοὺς
1047 2783 1124 2858 ἕξειν
1148 2787 1313 2863 ύσΦοολῶς.

126 2893 188 2961 Pro
211 2892 346 2959 absurdo
369 2891 462 2971 Φύσει
486 2903 570 2955 recte
594 2890 768 2978 Kiessling.
793 2890 883 2967 σΦύσι
907 2891 1085 2974 reponebat.
1133 2891 1315 2979 Recepisset

125 3002 160 3067 in
189 3006 315 3066 textum
346 3000 373 3062 si
403 2999 601 3062 meminisset
631 2999 750 3082 passim
782 2999 870 3074 σΦίσι
901 2999 935 3060 in
965 2998 1043 3078 Φησὶ
1076 3005 1132 3064 aut
1161 3002 1196 3063 in
1218 3002 1312 3082 Φύσει

126 3108 289 3195 depravari
312 3104 422 3171 solere.

169 3213 209 3279 In
239 3232 304 3297 sqq.
338 3209 393 3276 κιιό
420 3208 593 3274 molestum
625 3215 672 3274 est
704 3212 736 3273 et
767 3211 941 3275 sententiae
967 3210 1147 3276 inimicum.
1195 3209 1256 3277 Sed
1278 3215 1313 3279 in

124 3320 289 3387 Urbinntis
318 3319 473 3402 scriptura
507 3316 557 3380 nni
593 3315 637 3391 μη’
672 3314 752 3380 latet
783 3336 859 3381 vera
888 3316 984 3381 lectio
1016 3318 1068 3381 nnl
1102 3326 1160 3381 ΔΗ
1187 3320 1221 3383 νδ
1246 3319 1313 3384 nnt'

125 3425 250 3499 invenie
276 3421 352 3500 ἕξειν
376 3424 543 3503 ύσΦοιλῶς.

170 3530 230 3596 Kal
254 3531 290 3604 δη
314 3532 444 3615 ponitur
465 3533 503 3592 ut
527 3527 611 3613 apud
631 3527 878 3592 Demosthenem
899 3529 936 3591 de
958 3527 1076 3593 Oorono
1092 3550 1167 3616 pag.
1191 3528 1312 3597 318.1.

123 3643 163 3710 ὥς
188 3639 241 3704 εὀδν
266 3636 407 3716 πρότερός
432 3660 478 3707 τις
504 3634 573 3715 εἵπη
595 3634 637 3699 τόν
663 3632 796 3714 προσόνθ’
822 3635 920 3714 ἑωυτῷ
944 3635 1011 3713 περὶ
1034 3633 1133 3699 ύλλου
1159 3646 1230 3701 ΚΑΙ
1255 3644 1315 3704 ΔΗ

124 3745 212 3813 πιιύύ
236 3741 328 3817 οὕτως
354 3740 480 3824 ἔχουσιν.

170 3986 252 4074 Peg.
282 3982 381 4050 1416.
414 3979 588 4059 ἐβουλόμην
612 3979 706 4046 διν-
720 3977 852 4058 ἐμοιυτδν
876 3980 932 4057 μὲν
955 3980 1108 4059 ύμοιρτεῖν
1130 3984 1256 4062 γνώμης
1281 3979 1315 4061 ἣν

125 4089 209 4173 εἶχον
243 4091 309 4171 περὶ
344 4097 402 4155 τῶν
434 4090 506 4167 πρὸς
536 4088 587 4152 τόν
620 4088 712 4164 δῆμον
745 4087 913 4152 διαλύσεων
943 4089 1015 4150 ὨΟ
1046 4085 1115 4151 οὔτε
1140 4091 1237 4154 nonin
1261 4096 1313 4160 κον)

125 4199 266 4275 δικαόοιν,
298 4196 368 4262 οὔτε
399 4195 615 4274 συμΦὲρουσοιν
651 4196 721 4271 ύμῖν
746 4194 1011 4272 ύπΕλύμβοινΟΝ
1037 4191 1156 4258 ἔσεσόοιι
1179 4199 1233 4272 την
1257 4207 1315 4267 τῶν

125 4306 276 4385 Φυγόδιον
309 4304 441 4370 ultien.
494 4303 643 4368 Primum
674 4302 731 4376 μέν
759 4300 978 4366 inserendum:
1013 4301 1184 4378 ἐβουλόμην
1219 4315 1314 4372 ΜΕΝ

129 4409 182 4488 in,
216 4413 333 4496 quibus
359 4411 465 4480 verbis
488 4408 695 4494 respondent:
721 4408 822 4484 ἐπειδη
847 4408 887 4474 Δ’
911 4408 971 4488 οὐχ
994 4411 1032 4482 ὥς
1056 4407 1229 4490 ἐβουλόμην
1251 4417 1316 4485 nri.

175 4531 243 4569 mon.
262 4531 321 4568 m
1141 4520 1171 4567 lo
