3076 5004
779 287 844 359 174

396 480 467 550 οἶσθ’
492 480 513 564 ᾧ
538 482 727 562 προσέοικεν,
755 480 775 546 ὦ
800 481 917 560 Κρέων,
943 479 977 544 τό
1002 476 1133 557 βρέγμα
1155 501 1227 559 σον;

395 587 511 672 έγῷδαῑ
537 592 603 670 δόνῳ
626 591 692 669 περὶ
718 589 803 654 κότω
828 585 1041 666 τετραμμένῳ.

262 696 315 762 Sie
337 700 441 785 igitur
459 698 566 762 hostes
584 697 762 761 deridentes
781 694 1000 759 Romanorum
1021 694 1116 757 duces
1136 700 1198 765 τοῖς
1222 690 1413 764 δειλοτάτοις

215 803 325 876 αὐτοὺς
352 811 411 869 τῶν
437 801 515 884 ζῴων
541 801 684 884 ΕΙκαζον.

259 1015 465 1081 Desideratur
495 1013 687 1081 vocabulum
716 1015 890 1079 sententiae
913 1014 1125 1077 necessarium
1148 1033 1222 1099 pag.
1250 1009 1349 1078 1756.
1374 1014 1412 1076 in

215 1123 338 1187 verbis:
364 1120 555 1202 ἀναγκάζειν
580 1120 717 1199 ἀγαόοὺς
740 1119 881 1196 γενέσθαι
908 1119 977 1190 τοὺς
1003 1119 1141 1189 ἑκουσίως
1166 1115 1242 1182 εἶναι
1266 1121 1309 1194 μὴ
1334 1120 1411 1195 βοω-

215 1227 368 1304 οιομένονς.
418 1227 537 1313 Supple
570 1226 706 1312 (ἀνδρας)
739 1227 876 1304 ἀγαθοὺς
909 1224 1068 1302 γενέσθαι,
1102 1225 1186 1309 quod
1217 1225 1255 1290 de
1285 1228 1411 1291 virtute

218 1334 330 1400 bellica
354 1340 387 1399 et
410 1335 534 1399 fortiter
558 1334 775 1420 pugnantibus
800 1338 991 1417 perpetuum
1016 1337 1081 1415 est,
1105 1332 1188 1396 unde
1213 1329 1410 1411 ἀνδραγαθία

216 1448 249 1506 et
273 1433 478 1520 ἀνδραγαθεῖν
502 1445 534 1505 et
553 1438 780 1516 ἀνδραγάθημα
802 1444 875 1504 nats
894 1446 979 1504 sunt.
1015 1437 1163 1502 Vidimus
1182 1458 1276 1523 supra
1296 1436 1410 1517 ἀνδρας

215 1550 249 1611 in
273 1547 332 1612 has
356 1547 515 1612 locutione
536 1545 619 1611 male
642 1549 676 1610 in
700 1544 798 1611 codd.
824 1546 942 1610 abesse.

257 1758 336 1844 Pag-
365 1754 465 1822 1758.
492 1758 592 1829 πολλός
612 1753 705 1834 χάρις
726 1756 798 1829 ὑμῖν
819 1766 873 1829 τῆς
894 1756 943 1820 ἐστὶ
963 1757 1004 1818 τά
1018 1757 1179 1834 ’κράτιστα
1201 1756 1293 1833 όρμῆς
1315 1754 1407 1820 elT'

217 1866 268 1928 ὑπ’
301 1865 410 1944 ἀρετῆς
440 1863 597 1940 γίγνεται.
647 1863 837 1928 Revoeanda
868 1865 1024 1946 scriptura
1046 1862 1217 1927 librorum:
1242 1860 1331 1939 εἴγε
1356 1864 1411 1929 ὑπ’

218 1971 326 2050 ἀρετῆς
360 1970 524 2046 γίγνεται,
556 1990 631 2033 nam
665 1991 726 2053 quo
751 1972 856 2056 magis
883 1969 1028 2034 militum
1054 1972 1176 2034 animos
1200 1971 1347 2036 incendat
1370 1971 1412 2036 de

217 2096 327 2141 eorum
353 2077 475 2141 virtute
500 2076 646 2140 dubitare
668 2076 804 2142 videtur.

263 2284 341 2371 Peg.
382 2282 478 2350 1762.
518 2283 667 2359 μενόντων
701 2286 758 2361 μέν
794 2287 905 2364 ἀνδρῶν
935 2286 987 2351 καὶ
1020 2287 1207 2365 μαχομένων
1238 2287 1341 2365 ὀλίγον
1372 2288 1409 2352 τό

216 2391 430 2467 ἀπολλύμενόν
465 2393 536 2457 ἐςιν.
584 2391 671 2457 Male
703 2398 805 2457 tentat
836 2393 952 2458 Reiske
975 2393 1085 2473 ἀνδρῶν
1110 2399 1166 2458 aut
1191 2395 1327 2472 ἀνδρείως
1351 2402 1411 2460 aut

215 2498 366 2576 ἀνδρωδῶς
392 2498 596 2562 substituens.
635 2497 869 2564 Obversabatur
890 2502 976 2563 enim
995 2499 1150 2585 Dionysio
1170 2503 1204 2564 τό
1222 2501 1409 2580 Ὁμηρικόν·

378 2602 541 2680 αἰδομένων
565 2603 593 2667 δ’
620 2605 729 2683 ἀνδρῶν
754 2605 878 2676 τλέονες
904 2606 964 2670 σόοι
990 2608 1021 2680 ἠὲ
1045 2608 1217 2686 πέφανται.

258 2815 337 2902 Peg.
365 2812 463 2881 1764.
488 2813 612 2886 τούτους
640 2815 784 2892 Ῥωμαῖοι
808 2816 877 2886 τοὺς
900 2815 1056 2892 ἡγεμόνας
1079 2826 1117 2899 τῇ
1140 2817 1257 2899 τατρόιρ
1279 2819 1408 2899 γλόττρ

214 2921 431 3001 τριμΟτόλονς
457 2925 613 2985 καλοῦσιν.
661 2921 730 2986 Iuro
753 2942 828 2987 vero
853 2926 1063 3000 retulerimus.

259 3133 336 3219 Peg.
366 3130 461 3198 1764.
487 3131 547 3197 όοοι
572 3129 759 3209 διεγνώκατε
783 3134 825 3203 εἰς
850 3128 913 3197 ἴσον
939 3132 1025 3220 (ἴσον)
1051 3145 1231 3210 καταςῆται
1257 3140 1299 3203 τόν
1326 3140 1407 3217 ἔργα

214 3248 276 3311 τοῖς
302 3238 405 3316 λόγοις
430 3241 481 3302 οὐκ
506 3237 543 3303 ἀν
569 3238 801 3315 ἀμωρτΑΝοιτε
824 3238 858 3302 τό
883 3239 960 3302 αὐτό
985 3245 1137 3312 ποιοῦντες
1163 3244 1238 3317 ε’μοό.
1283 3242 1407 3332 Legen-

214 3347 309 3410 dum:
341 3348 394 3410 οὐκ
426 3344 463 3407 ἀν
495 3344 684 3424 ἀμάρτοιτε.
713 3350 750 3407 ut
774 3348 893 3429 passim
917 3367 1026 3411 omnes
1049 3347 1231 3432 loquuntur.
1280 3349 1407 3436 Saepis-

213 3455 293 3517 sime
316 3452 552 3517 eonfunduniur
576 3449 765 3528 ἀμαρτάνειν
790 3456 821 3516 et
847 3453 1008 3531 ἀμαρτεῖν.
1280 3522 1284 3529 ,

259 3558 337 3623 Post
369 3578 470 3642 pauca
503 3555 620 3620 scribe:
656 3557 679 3620 oi
711 3557 766 3633 μέν
799 3554 901 3630 όττοις
933 3561 1304 3640 χαλινοὺς-ἐνέβαΛΛον
1331 3565 1406 3651 (non

214 3664 372 3750 ἐνέβαλον)
395 3661 419 3728 οἱ
444 3662 475 3728 δὲ
501 3663 576 3743 ξίφει
601 3662 653 3726 καὶ
680 3662 806 3742 λόγχας
833 3662 947 3742 έόνγον.

256 3876 336 3962 Pag.
370 3870 469 3936 1769.
500 3873 525 3935 εἶ
556 3872 612 3948 μέν
638 3867 805 3938 οὖν-διά
830 3881 977 3952 Φυλακεῖς
1004 3873 1088 3957 εἶχον
1113 3879 1162 3943 τόν
1187 3876 1317 3957 χάρακα
1343 3879 1403 3950 τάς

212 4006 246 4047 τε
278 3979 453 4049 ἀτοσκενόις
483 3985 540 4041 τῶν
567 3978 724 4054 Ῥωμαίων
748 3979 903 4059 κατέσχον
929 3982 980 4047 καὶ
1007 3983 1117 4054 αὐτοὺς
1143 3985 1278 4064 αἰσχρῶς
1303 3987 1405 4049 ἀτελ-

211 4093 270 4154 όεῖν
292 4083 474 4162 ἡνάγκαζον.
513 4084 609 4150 Reete
632 4084 812 4172 Stephanus
833 4085 925 4168 ἔσχον
945 4092 1081 4154 correxit
1102 4111 1157 4175 pro
1179 4087 1275 4170 εἶχον.
1309 4093 1405 4158 Prae-

211 4199 296 4259 terea
318 4191 489 4277 legendum
515 4188 671 4271 κατέσχον
695 4189 733 4255 ἀν
757 4199 789 4257 et
814 4192 1027 4270 ἀνάγκαΟΑΝ
1052 4217 1107 4280 pro
1132 4197 1315 4276 ἠνάγναζον.
1350 4259 1353 4263 ,

256 4402 334 4491 Peg.
363 4398 460 4467 1771.
486 4401 662 4482 ἀνοίξαντες
687 4403 746 4475 τάς
771 4403 876 4480 τόλας
901 4406 951 4471 ἐπὶ
975 4409 1026 4472 τόν
1051 4409 1164 4474 ἑαυτῶν
1187 4408 1403 4491 ἈΝεσόζοντο
