<?xml version="1.0" encoding="UTF-8"?>
<!DOCTYPE html PUBLIC "-//W3C//DTD XHTML 1.0 Transitional//EN"
    "http://www.w3.org/TR/xhtml1/DTD/xhtml1-transitional.dtd">
<html xmlns="http://www.w3.org/1999/xhtml" xml:lang="en" lang="en">
 <head>
  <title>
</title>
<meta http-equiv="Content-Type" content="text/html;charset=utf-8" />
  <meta name='ocr-system' content='tesseract 3.04.00' />
  <meta name='ocr-capabilities' content='ocr_page ocr_carea ocr_par ocr_line ocrx_word'/>
</head>
<body>
  <div class='ocr_page' id='page_1' title='image "./observationescr00cobegoog_0018.png"; bbox 0 0 3076 5004; ppageno 0'>
   <div class='ocr_carea' id='block_1_1' title="bbox 687 306 721 357">
    <p class='ocr_par' dir='ltr' id='par_1_1' title="bbox 687 306 721 357">
     <span class='ocr_line' id='line_1_1' title="bbox 687 306 721 357; baseline 0 0"><span class='ocrx_word' id='word_1_1' title='bbox 687 306 721 357; x_wconf 76' lang='lat'>11</span> 
     </span>
    </p>
   </div>
   <div class='ocr_carea' id='block_1_2' title="bbox 102 509 1301 4095">
    <p class='ocr_par' dir='ltr' id='par_1_2' title="bbox 102 509 1298 3008">
     <span class='ocr_line' id='line_1_2' title="bbox 103 509 1295 602; baseline 0.004 -27"><span class='ocrx_word' id='word_1_2' title='bbox 103 509 207 576; x_wconf 88' lang='lat' dir='ltr'>studii</span> <span class='ocrx_word' id='word_1_3' title='bbox 237 509 404 576; x_wconf 84' lang='lat' dir='ltr'>collocavit</span> <span class='ocrx_word' id='word_1_4' title='bbox 437 511 468 575; x_wconf 86' lang='grc' dir='ltr'>ἐν</span> <span class='ocrx_word' id='word_1_5' title='bbox 498 519 569 584; x_wconf 85' lang='grc' dir='ltr'><strong><em>ταῖς</em></strong></span> <span class='ocrx_word' id='word_1_6' title='bbox 601 512 818 592; x_wconf 70' lang='grc' dir='ltr'>δημηγορίαις,</span> <span class='ocrx_word' id='word_1_7' title='bbox 849 532 926 598; x_wconf 88' lang='lat' dir='ltr'>quas</span> <span class='ocrx_word' id='word_1_8' title='bbox 949 512 1147 602; x_wconf 71' lang='lat' dir='ltr'><strong>Thucydidis</strong></span> <span class='ocrx_word' id='word_1_9' title='bbox 1170 516 1295 601; x_wconf 89' lang='lat' dir='ltr'>potissi-</span> 
     </span>
     <span class='ocr_line' id='line_1_3' title="bbox 102 631 1283 720; baseline 0.004 -23"><span class='ocrx_word' id='word_1_10' title='bbox 102 653 199 697; x_wconf 90' lang='lat' dir='ltr'>mum</span> <span class='ocrx_word' id='word_1_11' title='bbox 231 631 377 717; x_wconf 84' lang='lat' dir='ltr'>exemplo</span> <span class='ocrx_word' id='word_1_12' title='bbox 407 631 563 716; x_wconf 89' lang='lat' dir='ltr'>plurimas</span> <span class='ocrx_word' id='word_1_13' title='bbox 593 637 625 697; x_wconf 91' lang='lat' dir='ltr'>et</span> <span class='ocrx_word' id='word_1_14' title='bbox 659 632 861 720; x_wconf 89' lang='lat' dir='ltr'>longissimas</span> <span class='ocrx_word' id='word_1_15' title='bbox 892 639 1130 714; x_wconf 75' lang='grc' dir='ltr'><strong><em>Ακοῖιριιῖιαιῖίιιι</em></strong></span> <span class='ocrx_word' id='word_1_16' title='bbox 1160 638 1283 700; x_wconf 91' lang='lat' dir='ltr'>suisin</span> 
     </span>
     <span class='ocr_line' id='line_1_4' title="bbox 106 751 1296 843; baseline 0.003 -25"><span class='ocrx_word' id='word_1_17' title='bbox 106 755 214 818; x_wconf 89' lang='lat' dir='ltr'>seruit.</span> <span class='ocrx_word' id='word_1_18' title='bbox 192 753 308 816; x_wconf 91' lang='lat' dir='ltr'>ttU</span> <span class='ocrx_word' id='word_1_19' title='bbox 334 751 431 816; x_wconf 91' lang='lat' dir='ltr'>libere</span> <span class='ocrx_word' id='word_1_20' title='bbox 463 753 585 834; x_wconf 86' lang='lat' dir='ltr'>dicam,</span> <span class='ocrx_word' id='word_1_21' title='bbox 618 751 756 838; x_wconf 78' lang='lat' dir='ltr'>pellucet</span> <span class='ocrx_word' id='word_1_22' title='bbox 779 755 929 839; x_wconf 91' lang='lat' dir='ltr'>ubique</span> <span class='ocrx_word' id='word_1_23' title='bbox 920 776 953 818; x_wconf 92' lang='lat' dir='ltr'>m</span> <span class='ocrx_word' id='word_1_24' title='bbox 977 754 1082 843; x_wconf 88' lang='lat' dir='ltr'>longis</span> <span class='ocrx_word' id='word_1_25' title='bbox 1105 757 1296 843; x_wconf 89' lang='lat' dir='ltr'>ambagibus</span> 
     </span>
     <span class='ocr_line' id='line_1_5' title="bbox 105 873 1298 962; baseline 0.005 -26"><span class='ocrx_word' id='word_1_26' title='bbox 105 874 215 938; x_wconf 79' lang='lat' dir='ltr'>rhetor</span> <span class='ocrx_word' id='word_1_27' title='bbox 245 874 383 938; x_wconf 86' lang='lat' dir='ltr'>umbrat&#39;</span> <span class='ocrx_word' id='word_1_28' title='bbox 360 878 458 949; x_wconf 89' lang='lat' dir='ltr'>t1cus,</span> <span class='ocrx_word' id='word_1_29' title='bbox 492 875 547 956; x_wconf 91' lang='lat' dir='ltr'>qui</span> <span class='ocrx_word' id='word_1_30' title='bbox 577 873 812 958; x_wconf 85' lang='lat' dir='ltr'>quidquidatt</span> <span class='ocrx_word' id='word_1_31' title='bbox 803 877 866 962; x_wconf 90' lang='lat' dir='ltr'>1git</span> <span class='ocrx_word' id='word_1_32' title='bbox 889 876 1020 960; x_wconf 88' lang='lat' dir='ltr'>sophist&#39;</span> <span class='ocrx_word' id='word_1_33' title='bbox 1011 882 1115 942; x_wconf 91' lang='lat' dir='ltr'>1c0et</span> <span class='ocrx_word' id='word_1_34' title='bbox 1101 876 1298 942; x_wconf 92' lang='lat' dir='ltr'>tdeclama·</span> 
     </span>
     <span class='ocr_line' id='line_1_6' title="bbox 106 991 1297 1089; baseline 0.004 -32"><span class='ocrx_word' id='word_1_35' title='bbox 106 995 191 1058; x_wconf 90' lang='lat' dir='ltr'>torio</span> <span class='ocrx_word' id='word_1_36' title='bbox 223 993 325 1059; x_wconf 89' lang='lat' dir='ltr'>colore</span> <span class='ocrx_word' id='word_1_37' title='bbox 355 994 474 1058; x_wconf 87' lang='lat' dir='ltr'>imbuit</span> <span class='ocrx_word' id='word_1_38' title='bbox 504 991 676 1078; x_wconf 91' lang='lat' dir='ltr'>inficitque.</span> <span class='ocrx_word' id='word_1_39' title='bbox 723 994 795 1059; x_wconf 89' lang='lat' dir='ltr'>Non</span> <span class='ocrx_word' id='word_1_40' title='bbox 820 997 855 1058; x_wconf 92' lang='lat' dir='ltr'>in</span> <span class='ocrx_word' id='word_1_41' title='bbox 880 998 966 1060; x_wconf 86' lang='lat' dir='ltr'>vitae</span> <span class='ocrx_word' id='word_1_42' title='bbox 988 995 1077 1089; x_wconf 80' lang='lat' dir='ltr'>luce,</span> <span class='ocrx_word' id='word_1_43' title='bbox 1100 1017 1162 1061; x_wconf 90' lang='lat' dir='ltr'>nou</span> <span class='ocrx_word' id='word_1_44' title='bbox 1184 1000 1218 1061; x_wconf 93' lang='lat' dir='ltr'>in</span> <span class='ocrx_word' id='word_1_45' title='bbox 1241 996 1297 1062; x_wconf 80' lang='lat' dir='ltr'>ho</span> 
     </span>
     <span class='ocr_line' id='line_1_7' title="bbox 108 1114 1296 1200; baseline 0.003 -22"><span class='ocrx_word' id='word_1_46' title='bbox 108 1116 234 1178; x_wconf 90' lang='lat' dir='ltr'>minum</span> <span class='ocrx_word' id='word_1_47' title='bbox 263 1135 433 1199; x_wconf 83' lang='lat' dir='ltr'>rerumque</span> <span class='ocrx_word' id='word_1_48' title='bbox 465 1136 525 1180; x_wconf 93' lang='lat' dir='ltr'>usu</span> <span class='ocrx_word' id='word_1_49' title='bbox 557 1117 723 1200; x_wconf 89' lang='lat' dir='ltr'>quisquam</span> <span class='ocrx_word' id='word_1_50' title='bbox 756 1118 802 1181; x_wconf 88' lang='lat' dir='ltr'>ita</span> <span class='ocrx_word' id='word_1_51' title='bbox 831 1114 991 1200; x_wconf 84' lang='lat' dir='ltr'>loquitur,</span> <span class='ocrx_word' id='word_1_52' title='bbox 1022 1116 1076 1181; x_wconf 90' lang='lat' dir='ltr'>sed</span> <span class='ocrx_word' id='word_1_53' title='bbox 1107 1120 1142 1181; x_wconf 90' lang='lat' dir='ltr'>in</span> <span class='ocrx_word' id='word_1_54' title='bbox 1172 1116 1296 1182; x_wconf 90' lang='lat' dir='ltr'>scholae</span> 
     </span>
     <span class='ocr_line' id='line_1_8' title="bbox 109 1234 1295 1322; baseline 0.003 -24"><span class='ocrx_word' id='word_1_55' title='bbox 109 1235 231 1299; x_wconf 47' lang='lat' dir='ltr'>umbra*</span> <span class='ocrx_word' id='word_1_56' title='bbox 255 1255 294 1300; x_wconf 87' lang='lat' dir='ltr'>ex</span> <span class='ocrx_word' id='word_1_57' title='bbox 324 1235 499 1320; x_wconf 88' lang='lat' dir='ltr'>praeceptis</span> <span class='ocrx_word' id='word_1_58' title='bbox 522 1237 667 1300; x_wconf 79' lang='lat' dir='ltr'>oratoriis</span> <span class='ocrx_word' id='word_1_59' title='bbox 693 1234 771 1300; x_wconf 91' lang='lat' dir='ltr'>talia</span> <span class='ocrx_word' id='word_1_60' title='bbox 792 1243 974 1302; x_wconf 91' lang='lat' dir='ltr'>nascuntur.</span> <span class='ocrx_word' id='word_1_61' title='bbox 1021 1236 1188 1322; x_wconf 80' lang='lat' dir='ltr'>Nusquam</span> <span class='ocrx_word' id='word_1_62' title='bbox 1211 1242 1295 1303; x_wconf 85' lang='lat' dir='ltr'>vete·</span> 
     </span>
     <span class='ocr_line' id='line_1_9' title="bbox 109 1355 1297 1440; baseline 0.001 -20"><span class='ocrx_word' id='word_1_63' title='bbox 109 1376 183 1420; x_wconf 89' lang='lat' dir='ltr'>rum</span> <span class='ocrx_word' id='word_1_64' title='bbox 215 1355 330 1421; x_wconf 88' lang='lat' dir='ltr'>candor</span> <span class='ocrx_word' id='word_1_65' title='bbox 359 1360 392 1420; x_wconf 91' lang='lat' dir='ltr'>et</span> <span class='ocrx_word' id='word_1_66' title='bbox 424 1355 561 1433; x_wconf 78' lang='grc' dir='ltr'><strong><em>οῖφέιιεια</em></strong></span> <span class='ocrx_word' id='word_1_67' title='bbox 592 1357 747 1432; x_wconf 89' lang='lat' dir='ltr'>cernitur,</span> <span class='ocrx_word' id='word_1_68' title='bbox 774 1376 876 1439; x_wconf 92' lang='lat' dir='ltr'>neque</span> <span class='ocrx_word' id='word_1_69' title='bbox 899 1356 1110 1440; x_wconf 85' lang='lat' dir='ltr'>Antiquitatis</span> <span class='ocrx_word' id='word_1_70' title='bbox 1131 1358 1242 1422; x_wconf 84' lang='lat' dir='ltr'>nativa</span> <span class='ocrx_word' id='word_1_71' title='bbox 1265 1362 1297 1423; x_wconf 91' lang='lat' dir='ltr'>et</span> 
     </span>
     <span class='ocr_line' id='line_1_10' title="bbox 109 1475 1296 1562; baseline 0.003 -24"><span class='ocrx_word' id='word_1_72' title='bbox 109 1477 252 1540; x_wconf 76' lang='lat' dir='ltr'><strong>incomta</strong></span> <span class='ocrx_word' id='word_1_73' title='bbox 283 1481 315 1540; x_wconf 92' lang='lat' dir='ltr'>et</span> <span class='ocrx_word' id='word_1_74' title='bbox 344 1475 505 1541; x_wconf 86' lang='lat' dir='ltr'>incondita</span> <span class='ocrx_word' id='word_1_75' title='bbox 533 1478 650 1540; x_wconf 85' lang='lat' dir='ltr'>sanitas</span> <span class='ocrx_word' id='word_1_76' title='bbox 684 1488 716 1539; x_wconf 86' lang='lat' dir='ltr'>et</span> <span class='ocrx_word' id='word_1_77' title='bbox 749 1475 910 1540; x_wconf 79' lang='lat' dir='ltr'>sobrietas.</span> <span class='ocrx_word' id='word_1_78' title='bbox 956 1475 1048 1541; x_wconf 91' lang='lat' dir='ltr'>Nihil</span> <span class='ocrx_word' id='word_1_79' title='bbox 1083 1476 1166 1562; x_wconf 89' lang='lat' dir='ltr'>apud</span> <span class='ocrx_word' id='word_1_80' title='bbox 1200 1476 1296 1542; x_wconf 93' lang='lat' dir='ltr'>illum</span> 
     </span>
     <span class='ocr_line' id='line_1_11' title="bbox 107 1594 1297 1676; baseline 0.003 -16"><span class='ocrx_word' id='word_1_81' title='bbox 107 1595 206 1660; x_wconf 84' lang='lat' dir='ltr'>refert</span> <span class='ocrx_word' id='word_1_82' title='bbox 230 1601 389 1673; x_wconf 72' lang='lat' dir='ltr'>„Dauum</span> <span class='ocrx_word' id='word_1_83' title='bbox 411 1601 546 1676; x_wconf 79' lang='lat' dir='ltr'>loquatur</span> <span class='ocrx_word' id='word_1_84' title='bbox 568 1620 605 1658; x_wconf 83' lang='grc' dir='ltr'>οιι</span> <span class='ocrx_word' id='word_1_85' title='bbox 628 1594 739 1660; x_wconf 55' lang='lat' dir='ltr'>soros?</span> <span class='ocrx_word' id='word_1_86' title='bbox 774 1595 858 1675; x_wconf 82' lang='lat' dir='ltr'>Quid</span> <span class='ocrx_word' id='word_1_87' title='bbox 881 1595 986 1661; x_wconf 86' lang='lat' dir='ltr'>multa</span> <span class='ocrx_word' id='word_1_88' title='bbox 1007 1598 1104 1662; x_wconf 91' lang='lat' dir='ltr'>huius</span> <span class='ocrx_word' id='word_1_89' title='bbox 1126 1600 1173 1663; x_wconf 90' lang='lat' dir='ltr'>rei</span> <span class='ocrx_word' id='word_1_90' title='bbox 1192 1618 1297 1663; x_wconf 85' lang='lat' dir='ltr'>exem-</span> 
     </span>
     <span class='ocr_line' id='line_1_12' title="bbox 107 1713 1296 1804; baseline 0.003 -24"><span class='ocrx_word' id='word_1_91' title='bbox 107 1715 163 1800; x_wconf 93' lang='lat' dir='ltr'>pla</span> <span class='ocrx_word' id='word_1_92' title='bbox 198 1713 377 1800; x_wconf 79' lang='lat' dir='ltr'>proferam?</span> <span class='ocrx_word' id='word_1_93' title='bbox 442 1714 527 1781; x_wconf 80' lang='lat' dir='ltr'>Satis</span> <span class='ocrx_word' id='word_1_94' title='bbox 562 1720 609 1781; x_wconf 91' lang='lat' dir='ltr'>est</span> <span class='ocrx_word' id='word_1_95' title='bbox 643 1717 797 1800; x_wconf 84' lang='lat' dir='ltr'>inspicere</span> <span class='ocrx_word' id='word_1_96' title='bbox 830 1715 1036 1804; x_wconf 79' lang='lat' dir='ltr'>praelongam</span> <span class='ocrx_word' id='word_1_97' title='bbox 1072 1715 1221 1783; x_wconf 87' lang='lat' dir='ltr'>Veturiae</span> <span class='ocrx_word' id='word_1_98' title='bbox 1256 1718 1296 1783; x_wconf 84' lang='lat' dir='ltr'>ad</span> 
     </span>
     <span class='ocr_line' id='line_1_13' title="bbox 108 1833 1297 1922; baseline 0 -20"><span class='ocrx_word' id='word_1_99' title='bbox 108 1833 314 1902; x_wconf 77' lang='lat' dir='ltr'>Coriolanum</span> <span class='ocrx_word' id='word_1_100' title='bbox 337 1833 441 1899; x_wconf 86' lang='lat' dir='ltr'>filium</span> <span class='ocrx_word' id='word_1_101' title='bbox 465 1837 638 1900; x_wconf 89' lang='lat' dir='ltr'>orationem</span> <span class='ocrx_word' id='word_1_102' title='bbox 662 1856 736 1922; x_wconf 87' lang='lat' dir='ltr'>pag.</span> <span class='ocrx_word' id='word_1_103' title='bbox 764 1834 996 1901; x_wconf 87' lang='grc'><strong>1616-1631.</strong></span> <span class='ocrx_word' id='word_1_104' title='bbox 1021 1838 1169 1903; x_wconf 90' lang='lat' dir='ltr'>refertam</span> <span class='ocrx_word' id='word_1_105' title='bbox 1191 1839 1297 1903; x_wconf 83' lang='lat' dir='ltr'>verbis</span> 
     </span>
     <span class='ocr_line' id='line_1_14' title="bbox 110 1954 1297 2041; baseline 0 -19"><span class='ocrx_word' id='word_1_106' title='bbox 110 1961 144 2022; x_wconf 86' lang='lat' dir='ltr'>et</span> <span class='ocrx_word' id='word_1_107' title='bbox 166 1957 331 2022; x_wconf 86' lang='lat' dir='ltr'>sententiis</span> <span class='ocrx_word' id='word_1_108' title='bbox 354 1960 386 2020; x_wconf 91' lang='lat' dir='ltr'>et</span> <span class='ocrx_word' id='word_1_109' title='bbox 408 1954 562 2040; x_wconf 86' lang='lat' dir='ltr'>exemplis</span> <span class='ocrx_word' id='word_1_110' title='bbox 585 1955 678 2041; x_wconf 90' lang='lat' dir='ltr'>plane</span> <span class='ocrx_word' id='word_1_111' title='bbox 703 1957 742 2020; x_wconf 90' lang='lat' dir='ltr'>ab</span> <span class='ocrx_word' id='word_1_112' title='bbox 765 1955 853 2021; x_wconf 87' lang='lat' dir='ltr'>illius</span> <span class='ocrx_word' id='word_1_113' title='bbox 877 1959 990 2022; x_wconf 88' lang='lat' dir='ltr'>aetatis</span> <span class='ocrx_word' id='word_1_114' title='bbox 1009 1958 1116 2023; x_wconf 90' lang='lat' dir='ltr'>indole</span> <span class='ocrx_word' id='word_1_115' title='bbox 1133 1963 1165 2024; x_wconf 91' lang='lat' dir='ltr'>et</span> <span class='ocrx_word' id='word_1_116' title='bbox 1184 1963 1297 2023; x_wconf 91' lang='lat' dir='ltr'>natura</span> 
     </span>
     <span class='ocr_line' id='line_1_15' title="bbox 109 2073 1298 2163; baseline 0.002 -22"><span class='ocrx_word' id='word_1_117' title='bbox 109 2081 141 2141; x_wconf 90' lang='lat' dir='ltr'>et</span> <span class='ocrx_word' id='word_1_118' title='bbox 165 2097 184 2141; x_wconf 93' lang='lat' dir='ltr'>a</span> <span class='ocrx_word' id='word_1_119' title='bbox 206 2080 368 2143; x_wconf 88' lang='lat' dir='ltr'>matronae</span> <span class='ocrx_word' id='word_1_120' title='bbox 388 2077 536 2159; x_wconf 90' lang='lat' dir='ltr'>antiquae</span> <span class='ocrx_word' id='word_1_121' title='bbox 554 2073 715 2141; x_wconf 84' lang='lat' dir='ltr'>Romanae</span> <span class='ocrx_word' id='word_1_122' title='bbox 732 2078 862 2163; x_wconf 84' lang='lat' dir='ltr'>ingenio</span> <span class='ocrx_word' id='word_1_123' title='bbox 883 2077 1134 2145; x_wconf 89' lang='lat' dir='ltr'>abhorrentibus.</span> <span class='ocrx_word' id='word_1_124' title='bbox 1167 2088 1298 2158; x_wconf 81' lang='grc' dir='ltr'><strong><em>Δραμα-</em></strong></span> 
     </span>
     <span class='ocr_line' id='line_1_16' title="bbox 109 2195 1296 2288; baseline 0.002 -26"><span class='ocrx_word' id='word_1_125' title='bbox 109 2205 198 2271; x_wconf 78' lang='grc' dir='ltr'><strong><em>τικῆς</em></strong></span> <span class='ocrx_word' id='word_1_126' title='bbox 229 2195 322 2274; x_wconf 78' lang='grc' dir='ltr'><strong><em>ραεςὸν</em></strong></span> <span class='ocrx_word' id='word_1_127' title='bbox 352 2195 514 2274; x_wconf 70' lang='grc' dir='ltr'><strong><em>τερατείας</em></strong></span> <span class='ocrx_word' id='word_1_128' title='bbox 547 2198 701 2282; x_wconf 79' lang='lat' dir='ltr'>estquod</span> <span class='ocrx_word' id='word_1_129' title='bbox 725 2197 856 2264; x_wconf 82' lang='lat' dir='ltr'>Veturia</span> <span class='ocrx_word' id='word_1_130' title='bbox 878 2201 1021 2264; x_wconf 84' lang='lat' dir='ltr'>minatur</span> <span class='ocrx_word' id='word_1_131' title='bbox 1042 2220 1116 2288; x_wconf 90' lang='lat' dir='ltr'>pag.</span> <span class='ocrx_word' id='word_1_132' title='bbox 1142 2199 1240 2266; x_wconf 89' lang='grc'><strong>1630.</strong></span> <span class='ocrx_word' id='word_1_133' title='bbox 1264 2201 1296 2264; x_wconf 77' lang='grc' dir='ltr'>οὔ</span> 
     </span>
     <span class='ocr_line' id='line_1_17' title="bbox 110 2314 1298 2399; baseline 0.003 -18"><span class='ocrx_word' id='word_1_134' title='bbox 110 2317 173 2397; x_wconf 78' lang='grc' dir='ltr'><strong><em>γίιρ</em></strong></span> <span class='ocrx_word' id='word_1_135' title='bbox 205 2314 351 2392; x_wconf 80' lang='grc' dir='ltr'><strong><em>οὶνίξομαι</em></strong></span> <span class='ocrx_word' id='word_1_136' title='bbox 385 2316 554 2396; x_wconf 77' lang='grc' dir='ltr'><strong><em>Οὐετουρία</em></strong></span> <span class='ocrx_word' id='word_1_137' title='bbox 584 2319 640 2391; x_wconf 72' lang='grc' dir='ltr'><strong><em>τίον</em></strong></span> <span class='ocrx_word' id='word_1_138' title='bbox 668 2319 763 2392; x_wconf 67' lang='grc' dir='ltr'><strong><em>δεινὴν</em></strong></span> <span class='ocrx_word' id='word_1_139' title='bbox 786 2320 838 2384; x_wconf 77' lang='grc' dir='ltr'><strong><em>καί</em></strong></span> <span class='ocrx_word' id='word_1_140' title='bbox 864 2320 1007 2394; x_wconf 75' lang='grc' dir='ltr'><strong><em>οῖννὶκεςον</em></strong></span> <span class='ocrx_word' id='word_1_141' title='bbox 1032 2317 1118 2399; x_wconf 79' lang='grc' dir='ltr'><strong><em>ὕβριν</em></strong></span> <span class='ocrx_word' id='word_1_142' title='bbox 1142 2321 1172 2384; x_wconf 77' lang='grc' dir='ltr'>ἐν</span> <span class='ocrx_word' id='word_1_143' title='bbox 1196 2320 1298 2385; x_wconf 71' lang='lat' dir='ltr'>cocot-</span> 
     </span>
     <span class='ocr_line' id='line_1_18' title="bbox 110 2436 1297 2521; baseline 0.001 -18"><span class='ocrx_word' id='word_1_144' title='bbox 110 2461 172 2511; x_wconf 77' lang='grc' dir='ltr'><strong><em>τοις</em></strong></span> <span class='ocrx_word' id='word_1_145' title='bbox 205 2436 355 2516; x_wconf 71' lang='grc' dir='ltr'><strong><em>μάρτυσιν</em></strong></span> <span class='ocrx_word' id='word_1_146' title='bbox 388 2438 565 2517; x_wconf 67' lang='grc' dir='ltr'><strong><em>ὑβρισθεῖσα</em></strong></span> <span class='ocrx_word' id='word_1_147' title='bbox 598 2439 649 2503; x_wconf 78' lang='grc' dir='ltr'>τὸν</span> <span class='ocrx_word' id='word_1_148' title='bbox 681 2438 830 2520; x_wconf 77' lang='grc' dir='ltr'><strong><em>ἐλοίχιςον</em></strong></span> <span class='ocrx_word' id='word_1_149' title='bbox 860 2440 967 2517; x_wconf 81' lang='grc' dir='ltr'><strong><em>βιῶναι</em></strong></span> <span class='ocrx_word' id='word_1_150' title='bbox 1000 2443 1125 2521; x_wconf 78' lang='grc' dir='ltr'><strong><em>χρόνον.</em></strong></span> <span class='ocrx_word' id='word_1_151' title='bbox 1163 2441 1237 2505; x_wconf 68' lang='grc' dir='ltr'>ἀλλ’</span> <span class='ocrx_word' id='word_1_152' title='bbox 1268 2442 1297 2506; x_wconf 76' lang='grc' dir='ltr'>ἐν</span> 
     </span>
     <span class='ocr_line' id='line_1_19' title="bbox 111 2544 1296 2640; baseline -0.001 -16"><span class='ocrx_word' id='word_1_153' title='bbox 111 2566 174 2631; x_wconf 77' lang='grc' dir='ltr'><strong><em>τοῖς</em></strong></span> <span class='ocrx_word' id='word_1_154' title='bbox 194 2557 340 2622; x_wconf 76' lang='grc' dir='ltr'><strong><em>οῖοιοίνοοιν</em></strong></span> <span class='ocrx_word' id='word_1_155' title='bbox 364 2559 445 2634; x_wconf 80' lang='grc' dir='ltr'>ὑμῶν</span> <span class='ocrx_word' id='word_1_156' title='bbox 468 2559 569 2638; x_wconf 73' lang='grc' dir='ltr'><strong><em>Φίλων</em></strong></span> <span class='ocrx_word' id='word_1_157' title='bbox 589 2559 695 2624; x_wconf 75' lang='grc' dir='ltr'><strong><em>τεκαὶ</em></strong></span> <span class='ocrx_word' id='word_1_158' title='bbox 717 2559 827 2638; x_wconf 73' lang='grc' dir='ltr'><strong><em>ἐχθρῶν</em></strong></span> <span class='ocrx_word' id='word_1_159' title='bbox 848 2559 986 2638; x_wconf 75' lang='grc' dir='ltr'><strong><em>ὄμμασιν</em></strong></span> <span class='ocrx_word' id='word_1_160' title='bbox 1007 2561 1146 2637; x_wconf 77' lang='grc' dir='ltr'><strong><em>ε’ροαιιτίρν</em></strong></span> <span class='ocrx_word' id='word_1_161' title='bbox 1166 2544 1296 2640; x_wconf 67' lang='grc' dir='ltr'><strong><em>διαχρνί·</em></strong></span> 
     </span>
     <span class='ocr_line' id='line_1_20' title="bbox 110 2679 1296 2767; baseline 0 -23"><span class='ocrx_word' id='word_1_162' title='bbox 110 2703 216 2757; x_wconf 81' lang='grc' dir='ltr'><strong><em>οοραοιι.</em></strong></span> <span class='ocrx_word' id='word_1_163' title='bbox 285 2679 410 2759; x_wconf 76' lang='lat' dir='ltr'>Quanto</span> <span class='ocrx_word' id='word_1_164' title='bbox 452 2681 556 2743; x_wconf 88' lang='lat' dir='ltr'>sanior</span> <span class='ocrx_word' id='word_1_165' title='bbox 589 2682 623 2743; x_wconf 92' lang='lat' dir='ltr'>in</span> <span class='ocrx_word' id='word_1_166' title='bbox 658 2680 718 2745; x_wconf 90' lang='lat' dir='ltr'>hoc</span> <span class='ocrx_word' id='word_1_167' title='bbox 752 2682 821 2765; x_wconf 90' lang='lat' dir='ltr'>ipso</span> <span class='ocrx_word' id='word_1_168' title='bbox 855 2685 1044 2767; x_wconf 88' lang='lat' dir='ltr'>argumento</span> <span class='ocrx_word' id='word_1_169' title='bbox 1078 2679 1191 2745; x_wconf 83' lang='lat' dir='ltr'>Livius</span> <span class='ocrx_word' id='word_1_170' title='bbox 1229 2685 1296 2757; x_wconf 88' lang='lat' dir='ltr'>est,</span> 
     </span>
     <span class='ocr_line' id='line_1_21' title="bbox 110 2800 1297 2889; baseline 0 -25"><span class='ocrx_word' id='word_1_171' title='bbox 110 2803 166 2886; x_wconf 92' lang='lat' dir='ltr'>qui</span> <span class='ocrx_word' id='word_1_172' title='bbox 196 2800 329 2865; x_wconf 87' lang='lat' dir='ltr'>modum</span> <span class='ocrx_word' id='word_1_173' title='bbox 353 2821 481 2866; x_wconf 87' lang='lat' dir='ltr'>servans</span> <span class='ocrx_word' id='word_1_174' title='bbox 505 2800 638 2865; x_wconf 82' lang='lat' dir='ltr'>facunda</span> <span class='ocrx_word' id='word_1_175' title='bbox 661 2802 801 2866; x_wconf 88' lang='lat' dir='ltr'>oratione</span> <span class='ocrx_word' id='word_1_176' title='bbox 824 2805 856 2865; x_wconf 90' lang='lat' dir='ltr'>et</span> <span class='ocrx_word' id='word_1_177' title='bbox 880 2803 1022 2866; x_wconf 89' lang='lat' dir='ltr'>animum</span> <span class='ocrx_word' id='word_1_178' title='bbox 1047 2802 1154 2889; x_wconf 84' lang='lat' dir='ltr'>gravit</span> <span class='ocrx_word' id='word_1_179' title='bbox 1155 2820 1189 2865; x_wconf 90' lang='lat' dir='ltr'>er</span> <span class='ocrx_word' id='word_1_180' title='bbox 1211 2821 1297 2865; x_wconf 92' lang='lat' dir='ltr'>com·</span> 
     </span>
     <span class='ocr_line' id='line_1_22' title="bbox 110 2919 829 3008; baseline 0.001 -23"><span class='ocrx_word' id='word_1_181' title='bbox 110 2925 259 2987; x_wconf 89' lang='lat' dir='ltr'>movete</span> <span class='ocrx_word' id='word_1_182' title='bbox 241 2919 526 3006; x_wconf 89' lang='lat' dir='ltr'>etpropemodum</span> <span class='ocrx_word' id='word_1_183' title='bbox 552 2923 614 2986; x_wconf 92' lang='lat' dir='ltr'>ciet</span> <span class='ocrx_word' id='word_1_184' title='bbox 637 2919 829 3008; x_wconf 80' lang='lat' dir='ltr'>lachrymas.</span> 
     </span>
    </p>

    <p class='ocr_par' dir='ltr' id='par_1_3' title="bbox 107 2975 1301 3973">
     <span class='ocr_line' id='line_1_23' title="bbox 155 2975 1296 3130; baseline 0.001 -24"><span class='ocrx_word' id='word_1_185' title='bbox 155 3042 306 3107; x_wconf 91' lang='lat' dir='ltr'>Peiust</span> <span class='ocrx_word' id='word_1_186' title='bbox 274 3043 372 3106; x_wconf 91' lang='lat' dir='ltr'>etiam</span> <span class='ocrx_word' id='word_1_187' title='bbox 396 3046 444 3107; x_wconf 89' lang='lat' dir='ltr'>est</span> <span class='ocrx_word' id='word_1_188' title='bbox 467 3042 551 3126; x_wconf 86' lang='lat' dir='ltr'>quod</span> <span class='ocrx_word' id='word_1_189' title='bbox 574 3040 706 3106; x_wconf 83' lang='lat' dir='ltr'>Veturia</span> <span class='ocrx_word' id='word_1_190' title='bbox 729 3041 836 3127; x_wconf 89' lang='lat' dir='ltr'>paullo</span> <span class='ocrx_word' id='word_1_191' title='bbox 860 3046 933 3107; x_wconf 90' lang='lat' dir='ltr'>ante</span> <span class='ocrx_word' id='word_1_192' title='bbox 901 3041 1078 3108; x_wconf 81' lang='lat' dir='ltr'>tdixernt</span> <span class='ocrx_word' id='word_1_193' title='bbox 1064 3049 1174 3130; x_wconf 85' lang='lat' dir='ltr'>t.pag</span> <span class='ocrx_word' id='word_1_194' title='bbox 1199 2975 1296 3109; x_wconf 69' lang='lat' dir='ltr'>loco.</span> 
     </span>
     <span class='ocr_line' id='line_1_24' title="bbox 111 3160 1299 3242; baseline 0.002 -16"><span class='ocrx_word' id='word_1_195' title='bbox 111 3161 139 3227; x_wconf 90' lang='grc' dir='ltr'>εῖ</span> <span class='ocrx_word' id='word_1_196' title='bbox 167 3186 214 3235; x_wconf 78' lang='grc' dir='ltr'><strong><em>τις</em></strong></span> <span class='ocrx_word' id='word_1_197' title='bbox 241 3160 302 3242; x_wconf 84' lang='grc' dir='ltr'><strong><em>ῖιρα</em></strong></span> <span class='ocrx_word' id='word_1_198' title='bbox 324 3186 383 3234; x_wconf 78' lang='grc' dir='ltr'><strong><em>τας</em></strong></span> <span class='ocrx_word' id='word_1_199' title='bbox 408 3163 461 3226; x_wconf 82' lang='grc' dir='ltr'><strong><em>οῖνί</em></strong></span> <span class='ocrx_word' id='word_1_200' title='bbox 463 3162 540 3242; x_wconf 83' lang='grc' dir='ltr'><strong><em>ρωπί</em></strong></span> <span class='ocrx_word' id='word_1_201' title='bbox 541 3186 594 3235; x_wconf 91' lang='grc' dir='ltr'><strong><em>νας</em></strong></span> <span class='ocrx_word' id='word_1_202' title='bbox 618 3162 729 3241; x_wconf 76' lang='grc' dir='ltr'><strong><em>ψυχας</em></strong></span> <span class='ocrx_word' id='word_1_203' title='bbox 753 3162 960 3235; x_wconf 66' lang='grc' dir='ltr'><strong><em>ἀπολυθείσας</em></strong></span> <span class='ocrx_word' id='word_1_204' title='bbox 984 3187 1036 3227; x_wconf 84' lang='grc' dir='ltr'>τοο</span> <span class='ocrx_word' id='word_1_205' title='bbox 1061 3165 1203 3240; x_wconf 78' lang='grc' dir='ltr'><strong><em>σώματος</em></strong></span> <span class='ocrx_word' id='word_1_206' title='bbox 1229 3165 1299 3229; x_wconf 81' lang='grc' dir='ltr'><strong><em>ὑπο-</em></strong></span> 
     </span>
     <span class='ocr_line' id='line_1_25' title="bbox 110 3282 1299 3363; baseline 0.001 -15"><span class='ocrx_word' id='word_1_207' title='bbox 110 3282 232 3360; x_wconf 72' lang='grc' dir='ltr'><strong><em>δέξεται</em></strong></span> <span class='ocrx_word' id='word_1_208' title='bbox 263 3282 373 3356; x_wconf 62' lang='lat' dir='ltr'>steca,</span> <span class='ocrx_word' id='word_1_209' title='bbox 404 3284 464 3361; x_wconf 79' lang='grc' dir='ltr'>οὐχ</span> <span class='ocrx_word' id='word_1_210' title='bbox 492 3284 506 3346; x_wconf 81' lang='grc' dir='ltr'><strong><em>ί</em></strong></span> <span class='ocrx_word' id='word_1_211' title='bbox 539 3283 742 3363; x_wconf 74' lang='grc' dir='ltr'><strong><em>καταχθόνιος</em></strong></span> <span class='ocrx_word' id='word_1_212' title='bbox 773 3283 824 3348; x_wconf 85' lang='grc' dir='ltr'><strong><em>καί</em></strong></span> <span class='ocrx_word' id='word_1_213' title='bbox 857 3284 1008 3363; x_wconf 69' lang='grc' dir='ltr'>ἀφεγγὴς</span> <span class='ocrx_word' id='word_1_214' title='bbox 1042 3283 1221 3360; x_wconf 74' lang='grc' dir='ltr'><strong><em>ὑποδέξεται</em></strong></span> <span class='ocrx_word' id='word_1_215' title='bbox 1244 3286 1299 3358; x_wconf 65' lang='grc' dir='ltr'>τὴν</span> 
     </span>
     <span class='ocr_line' id='line_1_26' title="bbox 107 3399 1297 3484; baseline 0.001 -16"><span class='ocrx_word' id='word_1_216' title='bbox 107 3405 202 3482; x_wconf 73' lang='grc' dir='ltr'><strong><em>ἐμήν,</em></strong></span> <span class='ocrx_word' id='word_1_217' title='bbox 230 3404 260 3467; x_wconf 81' lang='grc' dir='ltr'>ἐν</span> <span class='ocrx_word' id='word_1_218' title='bbox 283 3399 304 3484; x_wconf 78' lang='grc' dir='ltr'>ᾧ</span> <span class='ocrx_word' id='word_1_219' title='bbox 327 3403 408 3484; x_wconf 80' lang='grc' dir='ltr'><strong><em>φασί</em></strong></span> <span class='ocrx_word' id='word_1_220' title='bbox 433 3404 502 3474; x_wconf 80' lang='grc' dir='ltr'><strong><em>τοὺς</em></strong></span> <span class='ocrx_word' id='word_1_221' title='bbox 529 3403 755 3479; x_wconf 73' lang='grc' dir='ltr'>κακοδαίμονας</span> <span class='ocrx_word' id='word_1_222' title='bbox 780 3405 870 3469; x_wconf 80' lang='grc' dir='ltr'><strong><em>οἰκεῖν</em></strong></span> <span class='ocrx_word' id='word_1_223' title='bbox 892 3404 957 3468; x_wconf 76' lang='grc' dir='ltr'>οὐδὲ</span> <span class='ocrx_word' id='word_1_224' title='bbox 980 3403 1015 3467; x_wconf 79' lang='grc' dir='ltr'>τὸ</span> <span class='ocrx_word' id='word_1_225' title='bbox 1038 3404 1205 3482; x_wconf 74' lang='grc' dir='ltr'><strong><em>λεγόμενον</em></strong></span> <span class='ocrx_word' id='word_1_226' title='bbox 1234 3405 1297 3480; x_wconf 79' lang='grc' dir='ltr'><strong><em>Λνί-</em></strong></span> 
     </span>
     <span class='ocr_line' id='line_1_27' title="bbox 112 3520 1300 3606; baseline -0.001 -15"><span class='ocrx_word' id='word_1_227' title='bbox 112 3527 163 3600; x_wconf 84' lang='grc' dir='ltr'>ίνς</span> <span class='ocrx_word' id='word_1_228' title='bbox 194 3524 315 3602; x_wconf 73' lang='grc' dir='ltr'><strong><em>πεδίον,</em></strong></span> <span class='ocrx_word' id='word_1_229' title='bbox 348 3527 423 3590; x_wconf 73' lang='grc' dir='ltr'><strong><em>αλλ’</em></strong></span> <span class='ocrx_word' id='word_1_230' title='bbox 454 3525 468 3587; x_wconf 81' lang='grc' dir='ltr'><strong><em>ί</em></strong></span> <span class='ocrx_word' id='word_1_231' title='bbox 498 3524 645 3604; x_wconf 72' lang='grc' dir='ltr'><strong><em>μετέωρος</em></strong></span> <span class='ocrx_word' id='word_1_232' title='bbox 678 3525 730 3588; x_wconf 82' lang='grc' dir='ltr'><strong><em>καὶ</em></strong></span> <span class='ocrx_word' id='word_1_233' title='bbox 763 3525 893 3604; x_wconf 78' lang='grc' dir='ltr'><strong><em>καίαρὸς</em></strong></span> <span class='ocrx_word' id='word_1_234' title='bbox 920 3524 1027 3605; x_wconf 75' lang='grc' dir='ltr'><strong><em>αἰθήρ,</em></strong></span> <span class='ocrx_word' id='word_1_235' title='bbox 1060 3525 1090 3589; x_wconf 79' lang='grc' dir='ltr'>ἐν</span> <span class='ocrx_word' id='word_1_236' title='bbox 1120 3520 1140 3606; x_wconf 79' lang='grc' dir='ltr'><em>ᾧ</em></span> <span class='ocrx_word' id='word_1_237' title='bbox 1171 3526 1241 3598; x_wconf 78' lang='grc' dir='ltr'><strong><em>τοὺς</em></strong></span> <span class='ocrx_word' id='word_1_238' title='bbox 1266 3526 1300 3590; x_wconf 79' lang='grc' dir='ltr'>ἐκ</span> 
     </span>
     <span class='ocr_line' id='line_1_28' title="bbox 113 3643 1300 3728; baseline 0 -17"><span class='ocrx_word' id='word_1_239' title='bbox 113 3647 182 3712; x_wconf 79' lang='grc' dir='ltr'><strong><em>θεῶν</em></strong></span> <span class='ocrx_word' id='word_1_240' title='bbox 213 3645 335 3728; x_wconf 80' lang='grc' dir='ltr'><strong><em>φύντας</em></strong></span> <span class='ocrx_word' id='word_1_241' title='bbox 366 3646 456 3710; x_wconf 77' lang='grc' dir='ltr'><strong><em>οἰκεῖν</em></strong></span> <span class='ocrx_word' id='word_1_242' title='bbox 487 3643 579 3723; x_wconf 78' lang='grc' dir='ltr'><strong><em>λίνος</em></strong></span> <span class='ocrx_word' id='word_1_243' title='bbox 613 3645 780 3722; x_wconf 75' lang='grc' dir='ltr'><strong><em>εὐδαίμονα</em></strong></span> <span class='ocrx_word' id='word_1_244' title='bbox 813 3645 865 3709; x_wconf 80' lang='grc' dir='ltr'><strong><em>καῖ</em></strong></span> <span class='ocrx_word' id='word_1_245' title='bbox 893 3646 1042 3726; x_wconf 83' lang='grc' dir='ltr'><strong><em>μακοίριον</em></strong></span> <span class='ocrx_word' id='word_1_246' title='bbox 1066 3643 1198 3726; x_wconf 82' lang='grc' dir='ltr'><strong><em>ἔχοντας</em></strong></span> <span class='ocrx_word' id='word_1_247' title='bbox 1221 3646 1300 3723; x_wconf 81' lang='grc' dir='ltr'><strong><em>βίον.</em></strong></span> 
     </span>
     <span class='ocr_line' id='line_1_29' title="bbox 112 3764 1301 3852; baseline -0.001 -19"><span class='ocrx_word' id='word_1_248' title='bbox 112 3767 208 3833; x_wconf 87' lang='lat' dir='ltr'>Vides</span> <span class='ocrx_word' id='word_1_249' title='bbox 238 3766 319 3830; x_wconf 90' lang='lat' dir='ltr'>nihil</span> <span class='ocrx_word' id='word_1_250' title='bbox 349 3768 500 3832; x_wconf 89' lang='lat' dir='ltr'>interesse</span> <span class='ocrx_word' id='word_1_251' title='bbox 530 3764 719 3849; x_wconf 88' lang='lat' dir='ltr'>loquatume</span> <span class='ocrx_word' id='word_1_252' title='bbox 752 3770 897 3831; x_wconf 87' lang='lat' dir='ltr'>matrona</span> <span class='ocrx_word' id='word_1_253' title='bbox 930 3766 1074 3832; x_wconf 87' lang='lat' dir='ltr'>Romana</span> <span class='ocrx_word' id='word_1_254' title='bbox 1105 3769 1301 3852; x_wconf 83' lang='lat' dir='ltr'>temporibus</span> 
     </span>
     <span class='ocr_line' id='line_1_30' title="bbox 113 3884 1210 3973; baseline -0.002 -20"><span class='ocrx_word' id='word_1_255' title='bbox 113 3889 344 3973; x_wconf 88' lang='lat' dir='ltr'>antiquissimis</span> <span class='ocrx_word' id='word_1_256' title='bbox 368 3908 407 3952; x_wconf 89' lang='lat' dir='ltr'>an</span> <span class='ocrx_word' id='word_1_257' title='bbox 428 3885 635 3971; x_wconf 87' lang='lat' dir='ltr'>philosophus</span> <span class='ocrx_word' id='word_1_258' title='bbox 657 3884 782 3951; x_wconf 82' lang='lat' dir='ltr'>Stoicus</span> <span class='ocrx_word' id='word_1_259' title='bbox 805 3887 987 3972; x_wconf 88' lang='lat' dir='ltr'>Augusteae</span> <span class='ocrx_word' id='word_1_260' title='bbox 1011 3890 1134 3953; x_wconf 88' lang='lat' dir='ltr'>aetatis.</span> <span class='ocrx_word' id='word_1_261' title='bbox 1208 3922 1210 3926; x_wconf 95' lang='lat'>·</span> 
     </span>
    </p>

    <p class='ocr_par' dir='ltr' id='par_1_4' title="bbox 159 4006 1301 4095">
     <span class='ocr_line' id='line_1_31' title="bbox 159 4006 1301 4095; baseline 0 -21"><span class='ocrx_word' id='word_1_262' title='bbox 159 4009 223 4088; x_wconf 80' lang='lat' dir='ltr'>Qui</span> <span class='ocrx_word' id='word_1_263' title='bbox 242 4008 326 4093; x_wconf 87' lang='lat' dir='ltr'>apud</span> <span class='ocrx_word' id='word_1_264' title='bbox 344 4006 537 4094; x_wconf 85' lang='lat' dir='ltr'>Dionysium</span> <span class='ocrx_word' id='word_1_265' title='bbox 557 4007 654 4072; x_wconf 88' lang='lat' dir='ltr'>verba</span> <span class='ocrx_word' id='word_1_266' title='bbox 664 4006 786 4072; x_wconf 89' lang='lat' dir='ltr'>faciunt</span> <span class='ocrx_word' id='word_1_267' title='bbox 797 4027 859 4072; x_wconf 93' lang='lat' dir='ltr'>non</span> <span class='ocrx_word' id='word_1_268' title='bbox 871 4009 1002 4082; x_wconf 82' lang='lat' dir='ltr'>vivunt,</span> <span class='ocrx_word' id='word_1_269' title='bbox 1016 4010 1146 4095; x_wconf 81' lang='lat' dir='ltr'>vigent,</span> <span class='ocrx_word' id='word_1_270' title='bbox 1161 4008 1301 4095; x_wconf 83' lang='lat' dir='ltr'>spirant,</span> 
     </span>
    </p>
   </div>
   <div class='ocr_carea' id='block_1_3' title="bbox 113 4127 1303 4224">
    <p class='ocr_par' dir='ltr' id='par_1_5' title="bbox 113 4127 1303 4224">
     <span class='ocr_line' id='line_1_32' title="bbox 113 4127 1303 4224; baseline -0.001 -28"><span class='ocrx_word' id='word_1_271' title='bbox 113 4130 168 4196; x_wconf 86' lang='lat' dir='ltr'>sed</span> <span class='ocrx_word' id='word_1_272' title='bbox 190 4127 384 4209; x_wconf 80' lang='grc' dir='ltr'><strong><em>νεορίοπαςα</em></strong></span> <span class='ocrx_word' id='word_1_273' title='bbox 408 4133 498 4210; x_wconf 85' lang='lat' dir='ltr'>sunt,</span> <span class='ocrx_word' id='word_1_274' title='bbox 527 4128 642 4224; x_wconf 90' lang='lat' dir='ltr'>quibus</span> <span class='ocrx_word' id='word_1_275' title='bbox 665 4127 839 4214; x_wconf 84' lang='lat' dir='ltr'>Dionysius</span> <span class='ocrx_word' id='word_1_276' title='bbox 862 4149 954 4193; x_wconf 90' lang='lat' dir='ltr'>suam</span> <span class='ocrx_word' id='word_1_277' title='bbox 975 4128 1157 4193; x_wconf 77' lang='lat' dir='ltr'>facundiam</span> <span class='ocrx_word' id='word_1_278' title='bbox 1183 4135 1214 4195; x_wconf 90' lang='lat' dir='ltr'>et</span> <span class='ocrx_word' id='word_1_279' title='bbox 1237 4132 1303 4217; x_wconf 91' lang='lat' dir='ltr'>opi-</span> 
     </span>
    </p>
   </div>
   <div class='ocr_carea' id='block_1_4' title="bbox 112 4248 1302 4453">
    <p class='ocr_par' dir='ltr' id='par_1_6' title="bbox 112 4248 1302 4453">
     <span class='ocr_line' id='line_1_33' title="bbox 112 4248 1302 4338; baseline 0.003 -22"><span class='ocrx_word' id='word_1_280' title='bbox 112 4254 222 4316; x_wconf 91' lang='lat' dir='ltr'>niones</span> <span class='ocrx_word' id='word_1_281' title='bbox 240 4271 313 4316; x_wconf 81' lang='lat' dir='ltr'>sues</span> <span class='ocrx_word' id='word_1_282' title='bbox 331 4248 474 4315; x_wconf 90' lang='lat' dir='ltr'>occultus</span> <span class='ocrx_word' id='word_1_283' title='bbox 490 4249 725 4325; x_wconf 88' lang='lat' dir='ltr'>subministrat,</span> <span class='ocrx_word' id='word_1_284' title='bbox 745 4254 776 4312; x_wconf 87' lang='lat' dir='ltr'>et</span> <span class='ocrx_word' id='word_1_285' title='bbox 793 4253 942 4314; x_wconf 87' lang='lat' dir='ltr'>movetur</span> <span class='ocrx_word' id='word_1_286' title='bbox 960 4269 1067 4314; x_wconf 91' lang='lat' dir='ltr'>eorum</span> <span class='ocrx_word' id='word_1_287' title='bbox 1087 4254 1302 4338; x_wconf 88' lang='lat' dir='ltr'>unusquisque</span> 
     </span>
     <span class='ocr_line' id='line_1_34' title="bbox 362 4373 1041 4453; baseline -0.001 -20"><span class='ocrx_word' id='word_1_288' title='bbox 362 4375 477 4433; x_wconf 79' lang='grc' dir='ltr'><strong><em>ιίαοῖίιιι·</em></strong></span> <span class='ocrx_word' id='word_1_289' title='bbox 494 4380 528 4431; x_wconf 80' lang='lat' dir='ltr'>ui</span> <span class='ocrx_word' id='word_1_290' title='bbox 550 4373 646 4432; x_wconf 78' lang='lat' dir='ltr'>cercis</span> <span class='ocrx_word' id='word_1_291' title='bbox 669 4373 773 4432; x_wconf 76' lang='grc' dir='ltr'><strong><em>αίίοιοίε</em></strong></span> <span class='ocrx_word' id='word_1_292' title='bbox 798 4373 901 4431; x_wconf 71' lang='lat' dir='ltr'>metite</span> <span class='ocrx_word' id='word_1_293' title='bbox 924 4373 1041 4453; x_wconf 75' lang='grc' dir='ltr'><strong><em>ίὶριοιιιιο.</em></strong></span> 
     </span>
    </p>
   </div>
   <div class='ocr_carea' id='block_1_5' title="bbox 520 4698 538 4731">
    <p class='ocr_par' dir='ltr' id='par_1_7' title="bbox 520 4698 538 4731">
     <span class='ocr_line' id='line_1_35' title="bbox 520 4698 538 4731; baseline 0 0"><span class='ocrx_word' id='word_1_294' title='bbox 520 4698 538 4731; x_wconf 69' lang='lat'>0</span> 
     </span>
    </p>
   </div>
   <div class='ocr_carea' id='block_1_6' title="bbox 0 0 1551 5004">
    <p class='ocr_par' dir='ltr' id='par_1_8' title="bbox 0 0 1551 5004">
     <span class='ocr_line' id='line_1_36' title="bbox 0 0 1551 5004; baseline 0 0"><span class='ocrx_word' id='word_1_295' title='bbox 0 0 1551 5004; x_wconf 95' lang='lat' dir='ltr'> </span> 
     </span>
    </p>
   </div>
  </div>
 </body>
</html>
