3076 5004
679 255 723 339 25

101 459 292 534 Strabonem
316 463 445 530 confusa
467 463 610 530 vidimus
634 467 666 529 et
688 463 872 528 notavimus
894 463 929 526 in
953 462 1087 529 Miscett.
1118 461 1196 528 crit.
1220 476 1294 548 pag.

104 573 183 641 131.
229 571 323 638 Alius
353 571 485 637 dixisset-
516 570 632 636 πολλα1
661 571 771 654 οἰκίαι,
795 569 850 635 sed
873 569 988 650 ε’Φόςια
1012 570 1167 657 Dionysio
1192 572 1239 633 eal
1263 569 1298 631 in

107 679 242 746 deliciis.

151 893 231 980 Peg.
265 890 318 955 64.
351 891 544 968 ςαοιαομούς
578 891 611 953 ἐκ
643 896 700 953 τῶν
728 889 935 955 διαλαθόντων
959 887 1098 960 δεδιότες.
1149 887 1200 954 Sic
1223 888 1299 952 libri

105 1003 174 1066 sine
197 1020 301 1064 sensu.
350 995 576 1061 ΔιαλαΧόντων
601 994 769 1083 Sylburgii
791 1017 853 1061 non
877 997 1026 1082 congruit
1050 1015 1126 1061 cum
1149 994 1210 1059 loci
1229 1015 1298 1059 sen·

104 1109 216 1172 tentia.
266 1103 348 1184 Quia
370 1103 529 1189 ρνοόοκκιδ
551 1101 668 1188 (ὁσέτη)
694 1099 789 1167 fiebat
813 1103 955 1178 sortitio,
977 1105 1106 1186 apparet
1126 1099 1299 1187 legendum

106 1233 174 1278 esse
198 1212 232 1275 ε’κ
257 1213 315 1276 τῶν
339 1211 419 1274 ’ΛΕΙ
444 1208 614 1288 λαχόντων.

155 1423 234 1510 Pag.
265 1421 318 1487 65.
354 1415 428 1494 ἦσαν
461 1421 492 1486 δὲ
525 1419 566 1484 τό
598 1442 634 1483 τε
666 1419 802 1495 πολέμια
835 1420 869 1484 ἐκ
900 1424 954 1485 τοῦ
978 1420 1063 1498 μετόι
1086 1418 1224 1485 κινδύνων
1248 1443 1300 1485 πε·

108 1531 250 1602 ποιῆούαι
281 1529 340 1598 τὰς
370 1527 701 1604 μελέτας-πολλῶν
726 1528 867 1601 ἀμείνους
894 1528 945 1591 καὶ
971 1535 1025 1601 τῆς
1051 1528 1136 1591 κατόι
1160 1528 1203 1592 πύι
1227 1552 1299 1593 ναν-

107 1635 183 1701 τικόι
212 1634 485 1709 lasciuae-iri
519 1642 644 1701 πλεῖςον
677 1633 877 1708 ἐληλακότες.
926 1633 1049 1698 Sumsit
1072 1653 1091 1698 a
1113 1632 1301 1720 Thucydide

108 1753 134 1807 1.
168 1740 219 1805 18.
250 1737 282 1805 εύ
314 1739 586 1821 παρεσκευάσαντο
619 1739 661 1804 τύι
694 1742 831 1818 πολέμια
856 1740 907 1804 καὶ
934 1738 1136 1820 ἐμπειρότεροι
1162 1738 1300 1817 ἐγένοντο

107 1850 195 1926 μετα
220 1847 357 1913 κινδύνων
380 1847 438 1920 τοὶς
463 1845 599 1922 μελέτας
620 1847 799 1924 ποιούμενοι.
835 1845 1001 1912 Celebrate
1020 1867 1088 1912 esse
1106 1847 1184 1911 haec
1204 1846 1301 1912 verba

108 1954 310 2041 Thucydidis
340 1952 479 2018 declarat
509 1952 597 2018 locus
629 1953 795 2019 Plutarchi
826 1953 867 2019 11.
900 1975 975 2041 pag.
1002 1951 1100 2038 τελε.
1125 1953 1301 2038 μὴμόνον,

109 2064 148 2134 ὥς
194 2060 378 2135 Θονκυδίδης
414 2058 525 2144 ἔλεγε,
561 2061 645 2139 μετὰ
679 2060 815 2125 κινδύνων
851 2062 1021 2138 ποιούμενοι
1058 2060 1116 2130 τοὶς
1152 2059 1301 2137 μελέτας.

108 2168 234 2233 Passim
268 2167 346 2232 alibi
376 2166 550 2253 Dionysius
582 2167 621 2231 ad
654 2168 788 2232 eundem
821 2167 954 2232 modum
985 2166 1063 2232 locis
1085 2166 1300 2254 Thucydidis,

108 2273 284 2350 Herodoti,
310 2272 476 2350 Isocratis,
500 2272 741 2350 Demosthenis,
766 2272 929 2356 Platonis,
953 2272 1189 2357 Xenophontis,
1210 2273 1302 2337 Euri-

109 2382 193 2466 pidis
217 2386 249 2446 et
272 2379 407 2445 aliorum
432 2388 599 2464 tamquam
623 2379 761 2445 flosculis
783 2386 839 2445 aut
857 2384 997 2468 gemmis
1016 2384 1190 2446 orationem
1210 2401 1301 2446 suam

111 2487 269 2552 distinxit.
315 2485 360 2550 Ut
391 2485 568 2570 plurimum
599 2507 662 2552 non
693 2485 835 2550 multum
868 2487 995 2571 prodest
1025 2487 1083 2551 has
1105 2488 1302 2552 imitationes

112 2594 221 2659 sedulo
244 2599 369 2669 notare,
394 2594 544 2676 quoniam
568 2593 632 2657 iere
654 2613 832 2677 numquam
857 2613 896 2656 ex
915 2592 974 2657 hac
994 2595 1227 2677 comparatione
1247 2598 1303 2656 aut

111 2701 283 2766 verborum
300 2701 491 2764 sententiam
509 2698 665 2763 illustrari
682 2700 829 2765 videmus
846 2704 901 2763 aut
918 2701 1108 2783 scripturam
1130 2698 1301 2763 emendari.

157 2805 268 2889 Itaque
299 2825 369 2870 raro
400 2809 528 2869 tantum
558 2805 616 2870 ubi
646 2803 787 2890 aliquem
818 2826 911 2870 usum
939 2826 975 2870 ea
998 2826 1048 2870 res
1070 2805 1201 2870 habebit
1223 2802 1303 2869 talia

111 2913 295 2978 notabimus
326 2909 426 2977 simul
457 2912 563 2976 daturi
593 2931 721 2997 operam
753 2932 792 2976 ne
815 2931 872 2976 nos
894 2913 998 2976 inanis
1021 2912 1214 2976 imitationis
1236 2932 1303 2997 spe·

114 3020 177 3084 cies
200 3018 302 3084 ludat.

157 3228 195 3301 In
226 3238 369 3301 extrema
399 3244 489 3322 parte
521 3228 584 3301 loci
615 3227 691 3300 libri
722 3229 872 3302 exhibent
900 3230 949 3300 ἐπὶ
977 3239 1102 3306 πλεῖεον
1125 3233 1303 3305 ύπολελαοε

114 3342 210 3414 κότες.
257 3343 435 3428 Stephanus
459 3364 572 3409 verum
596 3342 679 3409 vidit
702 3341 933 3415 ἘΛΗλακότες
958 3364 1118 3429 reponens.
1160 3345 1196 3409 In
1220 3357 1306 3412 certa

116 3450 331 3514 emendatione
363 3469 512 3534 apparere
543 3447 624 3513 solet
655 3452 768 3514 erroris
803 3451 902 3537 origo.
952 3448 1122 3534 Supererat
1156 3461 1303 3516 fidele-

115 3560 205 3621 TON
220 3555 298 3594 Ψ
315 3564 536 3631 ΛΑΚΟΤΕΕ,
586 3555 670 3640 quod
710 3558 815 3621 nescio
858 3557 929 3640 quis
967 3558 1116 3640 imperite
1151 3557 1303 3642 explevit.

116 3660 303 3727 Tenendum
328 3667 375 3726 est
398 3664 517 3747 passim
540 3662 616 3726 libri
639 3664 760 3728 vetusti
783 3661 913 3727 lacunas
936 3683 956 3727 a
978 3661 1083 3728 sciolis
1107 3664 1152 3728 sic
1180 3666 1306 3743 sarciri,

116 3789 177 3853 quo
209 3771 319 3833 minus
348 3769 467 3853 ubique
501 3771 535 3832 in
559 3770 717 3833 sententia
739 3773 825 3833 certa
849 3773 882 3833 et
905 3770 1160 3833 constantissimo
1184 3770 1309 3836 dicendi

115 3897 176 3940 usu
198 3876 297 3940 nimis
321 3877 412 3940 anxie
437 3877 520 3940 eirca
543 3874 709 3940 literarum
734 3877 839 3959 apicas
862 3877 1050 3941 haereamus
1075 3878 1187 3962 inepti.

158 4082 238 4174 Pag.
258 4083 311 4154 67.
330 4084 396 4165 ἔχει
416 4084 478 4166 γὰρ
498 4086 563 4167 περὶ
585 4088 686 4150 αὐτῶν
705 4085 756 4151 καὶ
779 4086 960 4162 Θονκυδίδης
983 4088 1105 4165 μνύμνν
1128 4088 1157 4152 ἕν
1174 4088 1308 4174 πετύρτρ

115 4192 198 4233 *Η
222 4200 277 4268 τῆς
303 4193 425 4276 Θρᾴκης
451 4191 503 4256 καὶ
529 4200 586 4257 τῶν
611 4193 640 4255 ἐν
666 4195 747 4274 αὐτῇ
771 4193 913 4271 κειμένων
940 4195 1067 4260 πόλεων.
1110 4195 1159 4260 Ex
1182 4195 1309 4284 Thucy·

114 4299 187 4364 dide
205 4297 259 4364 IV.
279 4297 354 4363 loa.
375 4297 516 4383 suppleri
532 4313 564 4364 et
584 4299 747 4364 emendari
762 4305 883 4385 potest:
903 4303 933 4367 ἕν
952 4301 1086 4383 τετύρτρ
1109 4301 1222 4385 (λέγων
1242 4303 1308 4384 περὶ

114 4414 167 4481 τῆς
194 4404 399 4486 καλουμένης)
424 4407 577 4472 'AKTHC
602 4406 653 4472 καὶ
679 4413 736 4471 τῶν
759 4406 789 4470 ἕν
814 4408 894 4491 αὐτῇ
921 4407 1062 4487 κειμένων
1086 4407 1215 4481 πόλεων.
