3076 5004
805 246 847 320 'ta'

278 437 434 529 Exempla
456 446 697 530 participiorum
722 445 767 509 sic
791 464 810 509 a
832 442 1025 530 magistellis
1047 442 1333 530 interpolatorum,
1360 435 1423 506 im-

232 544 346 637 primis
368 549 569 632 κρατοάμενος
595 554 626 615 et
650 550 806 628 βιασθείς,
833 571 928 634 supra
950 549 1131 630 attulimus.
1207 582 1210 587 ·

278 665 494 739 Γνοσιμαχεῖν
523 658 648 743 proprie
681 656 799 722 dicitur
829 657 866 721 de
885 677 929 721 eo
954 657 1005 740 qni
1027 657 1118 721 aenie‘t
1140 679 1171 720 ae
1193 656 1308 720 oe'ee'bne
1329 655 1425 737 inpe-

234 787 294 828 rem
328 787 392 827 cnm
419 765 588 847 potentiore
622 763 760 843 eonqeedi
791 770 818 826 ei
846 769 1002 845 propterea
1033 764 1139 828 ονιὶιιο
1163 762 1347 827 contentione
1369 763 1425 825 one

232 893 344 934 nonne.
393 869 429 935 Id
453 872 556 957 igitur
579 868 689 934 Sabini
711 868 768 934 illa
792 867 880 934 clade
905 869 1008 934 edocti
1031 872 1066 934 in
1086 891 1183 936 annos
1202 891 1258 936 sex
1276 868 1425 933 inducias

233 979 445 1064 composuisse
468 978 627 1042 dicuntur.

277 1186 355 1273 Pag.
392 1183 466 1250 562.
505 1167 612 1264 ὀλίγον
648 1185 727 1256 τινδς
764 1184 882 1259 ἐδέησεν
917 1183 1031 1255 ἅπασα
1069 1184 1284 1265 διαφθαρῆναι.
1331 1181 1424 1247 Haeo

232 1313 308 1358 vera
339 1298 371 1357 et
402 1293 501 1376 proba
532 1276 579 1357 est
612 1293 704 1360 verbi
732 1293 792 1356 δεῖν
821 1294 1008 1376 compositio
1032 1312 1105 1356 curn
1128 1295 1271 1378 genitivo
1294 1289 1424 1374 ὀλίγον,

232 1403 369 1474 πολλοῦ,
395 1398 538 1464 τοσούτου
562 1399 628 1464 δέοι.
846 1388 850 1394 ⁴

276 1606 356 1696 Pag.
382 1607 458 1674 565.
483 1609 516 1674 ei
539 1609 602 1689 γὰρ
627 1609 763 1687 ἑξαετεῖς
785 1609 889 1680 αὐτοῖς
904 1607 1072 1689 -ἀνοχαὶ
1095 1607 1329 1683 ΔΙελνλύἀεσαν
1354 1607 1421 1684 ἤδη.

232 1712 323 1793 ouon
353 1713 548 1803 Sylburgius
578 1716 749 1800 reponebat
781 1716 962 1790 διελύθησαν
994 1737 1068 1780 cum
1089 1715 1240 1801 Dionysii
1263 1716 1424 1780 sententia

231 1826 372 1907 pugnat,
404 1824 459 1906 qui
491 1822 614 1887 dixerat
645 1821 751 1885 enimse
781 1821 969 1884 indneiernn
1000 1821 1088 1885 dien.
1137 1820 1247 1905 Itaque
1272 1818 1420 1895 ἐξεληλύ-

232 1926 322 1990 ἀέσαν
355 1949 467 1993 verum
501 1919 645 2004 ridetur,
682 1928 765 2012 quod
799 1929 963 2013 proprium
998 1929 1032 1990 in
1064 1947 1100 1992 ea
1129 1948 1163 1991 re
1194 1927 1328 1993 verbum
1361 1929 1421 1989 est.

233 2029 437 2119 Thucydides
466 2033 504 2096 V.
539 2033 592 2097 14.
624 2033 783 2111 ξυνέβαινε
817 2033 975 2104 δὲ-τάς
1011 2019 1249 2113 τριακοντούτεις
1285 2031 1421 2102 σπονδάς

168 2220 170 2224 λ
233 2138 282 2200 ἐπ’
308 2137 396 2217 ἐξόδῳ
421 2135 508 2202 εἶναι.
556 2139 732 2223 Xenophon
756 2140 877 2203 Hellen.
903 2138 941 2204 V.
966 2138 996 2203 2.
1022 2139 1053 2203 2.
1081 2139 1223 2216 ἐλέγοντο
1249 2137 1356 2202 δὲκαὶ
1386 2139 1421 2203 αἱ

231 2245 357 2308 σπονδαὶ
391 2244 603 2321 ἐξεληλυθέναι
636 2254 697 2317 τοῖς
729 2250 917 2313 Μαντινεῦσι
941 2244 1038 2326 τούτῳ
1062 2247 1103 2327 τῷ
1128 2245 1199 2309 ἔτει.
1248 2241 1363 2309 0111δι
1388 2247 1422 2308 et

232 2347 266 2424 εξ
300 2355 368 2414 tam
389 2364 495 2436 saepe
530 2351 762 2417 confundantur
791 2357 948 2419 noverunt
977 2353 1093 2437 quibus
1127 2351 1248 2416 multos
1282 2349 1421 2417 Graecos

196 2500 198 2504 -
231 2455 363 2521 Codices
385 2477 511 2523 versare
535 2460 681 2546 contigit.

274 2666 355 2755 Peg.
390 2665 467 2732 569.
498 2664 596 2745 ὥσπερ
628 2674 680 2731 ΓΕ
711 2665 763 2733 καὶ
795 2671 845 2731 νῦν
877 2668 1019 2743 Ῥωμαῖοι
1053 2666 1095 2729 τοὶ
1128 2673 1270 2746 σκῆπτρα
1296 2666 1348 2731 καὶ
1373 2664 1418 2731 τὰ

228 2775 408 2850 διαδήματα
441 2773 602 2852 δωροῦνται
634 2780 696 2845 τοῖς
727 2774 924 2851 βασιλεῦσιν.
972 2772 1071 2837 Plane
1102 2772 1256 2838 absonum
1286 2776 1334 2838 est
1363 2796 1416 2850 γε.

229 2880 357 2965 Repone
380 2876 477 2959 ἀστερ
498 2881 587 2943 ’ΈΤΙ
612 2879 663 2943 καὶ
689 2884 751 2944 νῦν.

273 3089 355 3178 Pag.
391 3087 467 3157 575.
498 3088 795 3170 ξυλίζεσθαι-καὶ
819 3088 911 3169 χιλὸν
934 3086 1036 3161 ἵττοις
1069 3098 1333 3167 συναγαγεῖν
1365 3089 1420 3181 nni

228 3193 338 3264 τᾶλλα
373 3196 532 3270 ἐπιτήδεια
566 3194 755 3273 λαμβάνειν.
814 3194 980 3279 Scripsisse
1016 3195 1142 3259 videtur
1177 3194 1343 3274 συνάγειν,
1381 3180 1421 3262 ui

227 3305 307 3371 solet
335 3306 512 3388 praesentia
535 3301 849 3386 compressantibus
872 3306 904 3364 et
928 3303 1059 3365 acrisios
1083 3321 1156 3364 curn
1181 3302 1307 3366 aoristis
1332 3324 1419 3368 corn-

228 3431 355 3496 ponere.
1401 3425 1403 3430 ’

275 3515 377 3596 Quam
406 3513 499 3580 facile
523 3512 612 3592 ἀγειν
636 3519 668 3578 et
691 3514 849 3590 ἀγαγεῖν,
874 3510 960 3591 ἀγαν
981 3518 1013 3578 et
1032 3510 1165 3591 ἀγαγών
1185 3515 1420 3581 confundantur

228 3624 326 3689 etiam
359 3642 433 3686 cum
465 3621 657 3685 detrimento
685 3621 860 3684 sentent-iae
884 3620 990 3705 palam
1014 3620 1109 3684 faciet
1132 3619 1220 3685 locus
1243 3623 1276 3684 in
1298 3623 1418 3688 ricinia

225 3751 299 3817 pag.
334 3726 409 3793 576.
442 3727 511 3797 τοὺς
543 3726 574 3789 δὲ
598 3722 823 3807 αἰχμαλώτους
848 3727 1036 3803 ἀγΑΓόντες
1061 3728 1103 3798 εἷς
1128 3727 1182 3800 τὴν
1206 3727 1323 3803 Ῥώμαν
1348 3727 1417 3792 ἀνέ-

227 3844 365 3918 τρεψαν,
398 3833 433 3897 id
457 3836 505 3896 est
529 3836 644 3911 πρῶτον
667 3831 737 3902 τοὺς
761 3831 986 3911 αἰχμαλώτους
1012 3832 1134 3910 ἤγαγον
1160 3832 1269 3897 ἔπειτα
1293 3834 1336 3906 εἷς
1360 3834 1417 3907 τὴν

227 3942 315 4009 πόλιν
340 3938 529 4019 ἀνέτρεψαν,
556 3937 640 4022 quod
663 3938 832 4003 manifesto
856 3937 973 4002 falsum
998 3943 1055 4003 est.

268 4151 349 4238 Peg.
376 4145 451 4215 576.
476 4147 571 4225 dalye
595 4148 653 4226 μέν
675 4172 744 4213 τινα
769 4148 820 4212 κα)
846 4153 903 4212 τῶν
926 4148 1084 4225 ΣαβίνιυΝ
1106 4134 1365 4228 ΔΙευτυχούνταν
1385 4149 1416 4215 ἕν

223 4268 284 4330 τοῖς
317 4259 435 4335 ἀγῶσι,
468 4255 510 4319 ‘td
543 4255 574 4319 δὲ
606 4264 722 4325 τλεῖςα
757 4255 925 4331 Ῥωμαίων.
972 4255 1009 4318 In
1041 4254 1124 4320 bello
1152 4257 1297 4336 εὐτυχεῖν
1321 4276 1414 4341 saepe

221 4362 380 4466 signifieat
423 4364 493 4427 bene
536 4385 596 4427 ren
625 4385 728 4443 perere
764 4363 947 4450 (victoriam
981 4361 1172 4450 reportare),
1209 4368 1246 4428 ut
1281 4364 1414 4443 ἀτυχεῖν
1480 4462 1485 4472 ⁴
