3076 5004
698 297 739 369 47

169 486 249 576 Peg.
283 485 360 553 304.
393 487 486 568 ίσχύν
517 512 553 554 τε
584 487 721 566 μερίτην
752 487 883 570 έχοντας
915 489 967 554 καί
999 490 1142 569 χρήμασι
1167 487 1312 553 πλείΟΟῙ

122 594 317 671 δυναμένους.
365 593 553 681 Legendum
576 597 719 676 χρήμασι
744 605 938 662 τλεῑΟΤΟΝ
962 595 1155 672 δυναμένους.
1203 593 1314 678 Neque

123 703 210 767 enim
237 701 383 766 δύνασθαι
407 722 463 786 pro
486 701 594 779 μέγα,
619 703 699 768 πολὺ
722 701 867 768 δύνασθαι
888 704 962 789 poni
982 706 1086 788 potest
1106 706 1138 767 et
1158 700 1314 781 χρήματα

123 807 253 872 πλείονα
278 828 297 872 a
319 806 382 873 looi
405 809 561 873 sententis
585 807 726 874 alienum
751 815 807 875 est.

170 1016 251 1105 Pag.
286 1014 362 1081 305.
394 1018 534 1097 ἀποχρῆν
558 1017 693 1095 οἰόμεναι
717 1021 772 1093 την
795 1019 908 1084 οίκείαν
933 1018 1060 1097 δύναμιν
1084 1021 1110 1084 εί
1136 1019 1202 1085 καθ’
1225 1015 1256 1083 ἓν
1280 1018 1313 1082 αἱ

123 1130 205 1203 τρεῖς
228 1122 361 1201 γένοιντο
385 1122 462 1199 μίαν
484 1125 635 1203 αίρΗΕΑΙ
660 1124 749 1190 πθλιν
772 1126 805 1190 ού
830 1124 988 1205 μεηάλην.
1035 1125 1209 1214 Kiessling.
1231 1123 1315 1204 αἱρή-

124 1254 189 1293 σειν
221 1229 339 1309 edidit;
372 1230 427 1295 sed
450 1231 574 1310 αίρηοαι
598 1231 769 1297 διεπίστευεν]
792 1237 839 1297 est
862 1238 895 1298 et
918 1233 1051 1314 αἱρήσειν
1075 1231 1235 1297 soloeoum
1258 1250 1315 1295 neo

123 1338 300 1401 sententiae
330 1338 529 1402 conveniens.
583 1337 737 1425 Dionysio
773 1341 929 1404 usitatum
963 1345 1010 1404 est
1046 1337 1178 1419 ἀρασθαι
1212 1336 1316 1401 dicere

118 1465 178 1526 per
209 1442 268 1506 ον’να
299 1443 477 1526 opprimere,
510 1444 593 1508 miro
616 1465 676 1509 usu
700 1450 732 1509 et
754 1444 839 1530 apud
862 1444 940 1510 alios
963 1450 1120 1529 quantum
1143 1446 1207 1509 seio
1227 1445 1316 1507 inau-

123 1548 211 1624 dito,
244 1549 299 1613 sed
330 1548 414 1634 apud
445 1551 552 1634 ipsum
583 1551 661 1614 satis
690 1549 865 1635 frequenti,
899 1549 1002 1616 veluti
1033 1572 1107 1638 pag.
1138 1547 1237 1616 1072.
1261 1550 1316 1622 την

123 1652 268 1719 Λατίνων
299 1656 452 1729 τοσαύτην
484 1652 613 1731 δύναμιν
639 1653 812 1734 ἀραμένοις.
837 1660 870 1720 et
891 1677 965 1746 pag.
993 1655 1090 1722 1092.
1115 1657 1147 1721 ού
1172 1653 1316 1735 χαλεπὸν

123 1755 204 1824 εἶναι
230 1759 320 1826 πθλιν
344 1762 440 1841 οίκείῳ
464 1760 590 1842 τολέμιρ
614 1767 760 1827 νοσοῦσαν
781 1759 925 1842 ἀρασθαι.

174 1968 255 2057 Pag.
290 1967 366 2036 310.
401 1968 485 2038 έλεθν
517 1996 553 2037 τε
580 1977 680 2037 κοινῶν
704 1978 804 2037 κακῶν
828 1974 859 2037 ού
880 1971 985 2053 μικρὸν
1010 1970 1110 2054 έρανον
1134 1968 1210 2038 εἶναι
1233 1972 1317 2050 νομί-

126 2076 232 2157 ζοντες
265 2079 304 2148 ὡς
335 2077 387 2142 καί
420 2079 510 2143 αὐτοί
537 2103 612 2144 ποτε
643 2083 697 2144 τοῦ
729 2083 802 2161 παρ’
827 2078 930 2161 ἑτέραν
956 2079 1118 2155 δεηθέντες.
1166 2079 1238 2146 Non
1261 2080 1320 2145 hoe

125 2181 241 2247 dieunt
272 2181 410 2248 Romani
440 2185 502 2248 sibi
534 2184 703 2270 aliquando
733 2187 950 2252 misericordia
981 2193 1013 2252 et
1042 2185 1212 2251 elementia
1241 2206 1319 2271 opus

126 2288 245 2366 fnisse,
279 2288 333 2354 sed
354 2289 432 2372 fieri
450 2313 538 2374 possa
560 2297 598 2356 ut
621 2293 661 2356 iis
685 2291 853 2377 aliquando
876 2293 1052 2381 indigeant.
1099 2291 1210 2378 Itaque
1233 2291 1320 2357 dixe·

128 2399 224 2460 runt:
248 2397 286 2466 εἰς
311 2393 385 2460 κάν
409 2396 498 2461 αύτοί
521 2420 597 2462 ποτε
618 2402 671 2462 τοῦ
694 2398 766 2478 παρ’
791 2400 897 2480 ἑτέρων
922 2398 1085 2474 δεηθέντες.

177 2603 257 2693 Pag.
293 2601 369 2670 310.
400 2605 549 2685 παρίεμεν
573 2604 622 2673 σύν
647 2610 751 2680 αύτοῖς
774 2610 829 2681 την
855 2604 1026 2688 ἀμαρτάδα
1050 2604 1168 2680 ταύτην
1191 2604 1320 2687 ἀζήμιον

130 2709 185 2774 καί
209 2711 279 2775 οὔτε
303 2710 471 2792 ἐλευθερίαν
497 2712 567 2779 ούτε
590 2721 750 2787 κτησιν-
765 2714 992 2796 ἀφαιρούμεθα.
1029 2712 1218 2801 Legendum
1241 2715 1321 2794 ἀφε-

129 2814 288 2901 λούμεθα,
323 2838 402 2902 quae
432 2821 565 2885 minime
596 2821 777 2909 infrequens
801 2818 942 2887 oonfu'sio
965 2825 1020 2886 est.
1069 2820 1192 2886 Natura
1214 2821 1261 2885 rei
1284 2823 1322 2884 ut

128 2925 164 2989 in
196 2922 345 3003 παρίεμεν
375 2944 522 3009 praesens
544 2925 685 3011 postulat
709 2929 754 2992 sio
777 2929 812 2992 in
832 2923 1044 3008 ἀφελοίμεθα
1068 2927 1225 2991 futurum.
1261 2925 1321 2990 ue-

129 3028 275 3094 mittimos
304 3031 346 3093 iis
375 3029 457 3095 hano
488 3031 616 3117 eulpam
648 3039 680 3099 et
703 3054 804 3119 neque
827 3034 1010 3100 libertatem
1035 3053 1137 3118 neque
1160 3033 1241 3097 bona
1264 3031 1322 3096 eri

123 3157 252 3220 μοανο.

180 3346 260 3435 Pag.
286 3342 362 3411 311.
388 3350 505 3424 τιμάτε
529 3348 597 3420 τούς
624 3346 735 3428 ἀνδρας
760 3348 814 3429 ὑφ’
839 3345 876 3414 oio
896 3355 995 3427 ρονεῖς
1014 3373 1049 3413 τε
1070 3349 1151 3426 ύμῶν
1170 3348 1323 3424 έσιθθησαν

133 3452 186 3518 καί
219 3453 348 3535 ἀδελφοί
384 3453 435 3518 καί
469 3454 613 3532 πατρίδες
645 3454 799 3534 ἐλεύθεραι
832 3457 991 3533 ἀφίενται.
1046 3454 1181 3521 Meliore
1215 3455 1324 3521 ordine

134 3559 268 3624 dixisset
299 3566 397 3636 γονεῖς
429 3584 464 3625 τε
497 3562 577 3637 ύμῶν
605 3562 656 3626 καί
683 3560 813 3643 ἀδελφοί
839 3562 1010 3645 ἐσώθησαν,
1034 3562 1167 3646 nequis
1191 3559 1323 3643 ἀδελφοί

133 3666 340 3746 -ἀφίενται
365 3669 578 3754 coniungeret.
627 3665 690 3733 Sed
713 3669 902 3734 mendosum
927 3675 975 3734 est
996 3688 1142 3753 praesens
1165 3668 1324 3747 ἀφίενται.

134 3770 295 3838 Suadente
320 3775 477 3838 sententia
500 3773 579 3838 duas
602 3772 747 3839 literulas
773 3779 941 3859 transpone
961 3779 998 3838 ut
1017 3771 1073 3837 fiat
1096 3773 1255 3852 ἀφεῖνται.

180 3983 259 4072 Pag.
293 3980 369 4048 313.
402 3983 530 4061 Σαβῖνοι
546 4024 586 4038 —
601 3982 792 4055 διαλυθέντες
823 3983 909 4049 κατά
942 3982 1046 4069 [τάς]·
1066 3980 1182 4053 πόλεις.
1228 3980 1325 4047 Ratio

135 4095 169 4155 et
202 4109 280 4155 usus
314 4089 463 4176 loquendi
498 4090 661 4174 postulant
695 4097 732 4156 ut
766 4093 899 4156 molesta
933 4091 1124 4177 praepositio
1155 4090 1325 4152 eximatur.

135 4195 341 4284 Thucydides
371 4195 411 4260 ΙΙ.
440 4194 494 4261 23.
519 4197 700 4272 διελύθησαν
723 4198 808 4263 κατά
831 4194 947 4269 πόλεις.
971 4201 1004 4262 et
1026 4197 1071 4260 sio
1093 4195 1212 4280 passim
1236 4193 1324 4259 alibi.

175 4407 262 4493 Peg.
289 4405 367 4473 316.
394 4400 428 4479 ἦν
451 4406 483 4471 δέ
509 4407 525 4482 η
549 4412 608 4471 τῶν
630 4406 786 4486 Ῥωμαίων
806 4404 934 4485 δύναμις
955 4406 988 4470 ού
1005 4403 1086 4470 πολὺ
1107 4411 1160 4478 τῆς
1182 4403 1326 4482 Σαβίνων
