3076 5004
721 303 788 379 237

171 500 380 569 Manifestum
411 506 459 568 est
488 502 575 568 enim
604 500 775 568 Pontifices
804 501 967 569 Maximus
995 503 1077 569 hanc
1100 501 1359 587 antiquissimam

170 613 329 674 Annalium
345 615 468 694 partem
485 609 614 675 aliunde
628 615 804 691 utcumque
822 610 998 695 explevisse
1015 616 1047 675 et
1064 615 1187 675 secutos
1199 630 1265 675 esse
1277 611 1311 672 in
1323 628 1360 673 ea

171 736 203 780 re
222 719 384 779 Annalium
403 719 588 800 scriptorem
610 719 794 801 quempiam
817 720 872 801 qui
892 717 1087 782 Graecorum
1112 714 1357 801 Ohronologiam

172 823 333 908 cognitam
365 822 505 887 haberet.
555 821 659 886 Simul
689 831 818 907 apparet
841 823 1033 910 Dionysium
1058 844 1094 888 ea
1117 846 1190 907 quac
1212 831 1306 885 essent
1331 825 1360 881 ιἰο

173 931 271 991 tabula
300 932 380 1010 apud
408 929 582 1011 Pontificem
613 934 774 992 naconem
803 951 864 994 non
890 929 990 1013 pluris
1013 929 1124 993 iecisse
1148 949 1244 1013 quam
1269 924 1361 994 Cato·

172 1054 246 1099 nem
268 1035 303 1099 in
330 1037 500 1117 Ocipbsibcr
524 1034 608 1120 apud
632 1031 778 1101 Gellium
800 1034 841 1102 N.
866 1036 905 1100 A.
931 1034 964 1099 11
1002 1033 1056 1100 28.

216 1242 255 1308 ln
286 1244 508 1310 constituendo
537 1265 635 1322 anno,
668 1265 730 1329 quo
760 1242 864 1312 Roma
899 1245 1027 1311 condita
1049 1266 1116 1310 csse
1140 1244 1361 1320 existimetur,

173 1350 331 1436 profertur
361 1356 394 1416 et
416 1351 513 1416 Ennii
536 1353 757 1418 testimonium
782 1373 821 1416 ex
843 1355 1005 1416 Annalium
1027 1351 1119 1417 libris
1141 1350 1226 1436 apud
1248 1348 1360 1415 Varro

173 1465 247 1523 nem
270 1455 309 1522 da
332 1456 372 1522 R.
400 1456 439 1522 R.
463 1456 520 1522 III.
547 1458 578 1525 1.

309 1563 493 1647 θυμιάμασιν·
513 1575 583 1627 aunt
598 1569 702 1646 paullo
719 1569 793 1647 plue
812 1569 859 1628 ccl
880 1569 976 1627 ναάνοιο
998 1569 1068 1627 σιμά

308 1674 443 1753 depacto
466 1675 588 1754 cupario
607 1681 760 1755 postquem
782 1675 891 1751 νἰοοίμίο
912 1671 1029 1734 condita
1051 1675 1220 1734 Romaest.

174 1797 253 1861 quae
284 1797 383 1860 quum
414 1777 532 1859 scripta
563 1780 629 1841 sint
659 1776 784 1842 saeculo
815 1782 903 1841 sexto
927 1798 959 1861 p.
984 1775 1024 1840 U.
1050 1771 1086 1841 O.
1110 1775 1150 1840 ad
1174 1773 1269 1839 finem
1293 1794 1362 1840 ver-

173 1887 268 1970 gente
298 1881 417 1946 eruditi
448 1885 649 1967 suspicantur
678 1887 806 1968 po‘e'tam
836 1885 941 1948 nescio
965 1902 1043 1966 quas
1067 1881 1201 1947 subtiles
1224 1882 1362 1945 rationes

175 2009 242 2054 esse
271 1993 417 2053 secutum
446 1993 502 2054 aut
526 2013 641 2067 „aaron
665 1994 757 2053 dicae
778 1993 899 2070 cyclicm
922 1992 1057 2052 decorum
1079 1985 1245 2052 maccam?
1291 1986 1362 2051 Hoc

176 2099 286 2179 pottae
305 2100 416 2159 curant
440 2092 579 2160 scilicet!
614 2094 793 2181 Aeschylus
817 2116 917 2181 quum
941 2094 1172 2160 Prometheum
1196 2095 1231 2159 in
1249 2112 1364 2180 cogno·

176 2201 263 2265 mine
286 2199 396 2265 fabula
419 2221 466 2267 vs.
491 2200 546 2267 94.
570 2200 749 2266 induxisset
771 2203 819 2265 ita
842 2200 1019 2266 dicentem:

537 2304 677 2388 δέρχθηθ’
702 2304 776 2380 οἵαις
802 2306 950 2372 αἰκίαισιν

538 2411 765 2490 διακναιόμενος
791 2412 843 2478 πδν
866 2418 1024 2494 μυριετῆ

535 2518 641 2600 χρόνον
664 2520 814 2586 άάλεύσοι.

88 2621 91 2629 ’
175 2628 205 2691 ἐν
228 2627 269 2707 τῷ
293 2621 439 2708 Πορφάρῳ
465 2623 663 2713 (Προμηθεῖ).
689 2633 726 2692 ut
745 2625 924 2693 Scholiasta
942 2628 1088 2703 annotat,
1109 2631 1189 2706 τρεῖς
1212 2619 1365 2704 μυριάδας
1488 2699 1495 2708 ¹

175 2733 254 2814 Φησὶ
286 2732 423 2799 δεδέσθαι
453 2732 558 2797 αὐτόν.
605 2732 727 2799 Deinde
755 2733 843 2798 idem
873 2730 1024 2796 Herculis
1056 2735 1209 2807 aetatem,
1246 2730 1303 2813 qui
1332 2748 1366 2794 se
1436 2742 1439 2747 ·

175 2839 315 2916 vinculis
331 2839 524 2904 liberaturus
541 2841 599 2924 sit,
617 2839 656 2905 ad
674 2839 786 2904 Ionem
802 2840 849 2902 ita
866 2834 975 2902 delinit
990 2837 1025 2900 in
1040 2840 1212 2900 Prometheo
1224 2856 1272 2902 vs.
1289 2830 1365 2902 771.

223 3017 224 3021 ,
312 2954 376 3011 112.
403 2945 451 3019 τίς
475 2942 524 3011 οὖν
547 2946 561 3009 c‘
586 2944 687 3010 λύσων
710 2947 739 3009 σ’
764 2942 826 3014 aab
850 2941 976 3014 άκονπος
1001 2940 1092 3019 Διάς;

313 3061 379 3117 ΠΡ.
402 3056 460 3116 πῶν
484 3057 541 3116 σῶν
564 3053 621 3116 τιν’
645 3050 739 3117 αὐτὸν
764 3050 896 3129 tuydam
919 3044 998 3114 εἶναι
1021 3048 1126 3128 χρεών.

315 3165 379 3222 ΙΩ.
405 3159 469 3230 πῶς
495 3153 604 3233 εἴπαις
630 3151 808 3235 intonata
831 3157 861 3221 ε’
886 3153 1070 3232 άπαλλάξει
1095 3159 1211 3231 κακῶν;

313 3272 376 3327 ΠΡ.
401 3263 499 3341 τρίπος
523 3286 563 3340 γε
586 3263 697 3340 γένναν
720 3262 792 3342 πρὸς
818 3262 879 3328 δέκ’
903 3259 1052 3326 ἄλλαισιν
1075 3266 1195 3338 γοναῖς.

222 3367 304 3433 Sunt
333 3368 412 3434 haee
440 3369 656 3446 άσύγκλυςα,
696 3390 834 3455 namque
869 3373 918 3434 est
952 3367 1075 3452 aliquid
1105 3369 1190 3431 inter
1220 3366 1390 3446 μυριεσὶμΙ

175 3474 281 3555 κράνος
319 3476 388 3562 (aut
421 3483 502 3554 τρεῖς
538 3472 682 3554 μυριάδες
718 3476 804 3555 ἐπῶν)
841 3479 874 3540 et
908 3473 1108 3554 τρισκαίδεκα
1144 3472 1270 3550 γενεαί,
1310 3471 1365 3538 sed

174 3583 302 3647 fatuum
332 3585 380 3646 est
399 3580 476 3646 haee
509 3581 549 3646 ad
579 3581 692 3647 vivum
721 3601 879 3646 resecare:
912 3579 1012 3645 δοπὲον
1042 3583 1146 3643 ταῦτα
1178 3579 1221 3658 τῷ
1253 3587 1365 3661 ποιητῇ

175 3709 232 3754 suc
264 3688 419 3754 arbitratu
453 3685 532 3752 talia
564 3684 706 3772 fingenti.
755 3686 874 3751 Eadem
906 3686 1010 3751 llnnio
1042 3685 1143 3750 danda
1174 3689 1221 3749 est
1254 3686 1364 3761 uenia,

175 3793 271 3859 modo
293 3814 332 3858 ne
357 3795 429 3877 quis
451 3794 486 3857 in
508 3813 543 3857 ra
567 3791 790 3879 chronologica
813 3791 873 3856 tali
896 3794 1081 3857 testimonio
1104 3794 1176 3855 utat
1216 3835 1224 3854 .

222 4005 284 4071 Sed
315 4006 480 4081 omniurn,
512 4023 592 4087 quae
623 4002 707 4088 apud
738 4001 929 4088 Dionysium
955 4003 1074 4087 scripta
1097 4007 1188 4078 sunt,
1211 4001 1294 4066 nihil
1317 4007 1366 4068 est

176 4113 284 4177 minus
313 4109 476 4195 probabile
506 4129 603 4194 quam
634 4129 670 4173 ea
701 4128 780 4193 quae
811 4107 850 4172 de
881 4105 993 4192 populi
1025 4106 1163 4172 Romani
1187 4106 1364 4188 Quiritium

176 4217 356 4304 originibus
376 4213 505 4282 Graecis
525 4233 652 4300 operose
670 4213 811 4298 undique
832 4214 978 4290 corrasit,
1000 4233 1134 4298 quorum
1149 4235 1277 4279 summa
1288 4215 1366 4281 haec

177 4329 224 4389 est
253 4342 325 4409 pag.
364 4319 438 4386 153.
471 4321 513 4385 τά
542 4320 598 4397 μὲν
621 4321 656 4394 δὴ
681 4318 867 4384 συνελθόντα
891 4316 957 4395 lton
981 4317 1033 4383 καὶ
1059 4319 1270 4398 κοινωσάμενα
1294 4324 1364 4395 τοὺς

176 4430 281 4515 βίους,
314 4425 348 4506 ἐξ
381 4424 418 4493 ὧν
448 4429 482 4494 πὸ
511 4427 674 4507 Ῥωμαίων
706 4425 793 4506 γένος
825 4422 982 4508 ὥρμησαι,
1016 4421 1085 4506 πρὶν
1110 4415 1144 4499 ἣν
1168 4431 1218 4490 νῦν
1242 4422 1364 4511 ἔχουσιν
