3076 5004
813 282 856 351 64

239 482 244 497 ·
286 471 366 560 Pag.
400 469 476 538 168.
510 473 551 546 είς
583 470 618 537 τὸ
651 472 727 539 αὐτὸ
759 472 868 555 χωρίον
901 473 1008 554 ὁμοίως
1041 474 1229 554 ’ΛΝελίεῖν,
1261 475 1428 542 imovero

241 578 366 643 redime
388 576 605 646 ἘΠανελθεῖα

284 817 364 905 Pag.
398 814 472 884 172.
506 818 558 882 καῖ
590 818 621 882 ἐν
649 815 751 883 ἅπασι
776 818 922 885 νεανίσκοι
950 817 1001 884 δύο
1017 857 1058 869 -
1073 819 1242 900 ἐφαίνοντο.
1290 821 1429 888 Urbinas

241 923 406 1006 Φαίνονσαι
437 926 632 1000 rectissime,
666 927 741 1009 quia
770 947 833 991 non
863 926 900 991 de
932 948 966 992 re
998 928 1169 1012 praeterita
1193 928 1247 993 sed
1270 930 1430 1013 praesenti

240 1036 271 1097 61
295 1032 441 1096 omnium
464 1030 564 1096 oculis
587 1035 730 1116 exposita
752 1031 906 1117 loquitur.

284 1247 367 1359 Pag.
399 1268 478 1337 173.
510 1273 546 1335 11
578 1270 704 1337 6166616
735 1271 836 1336 scribe
868 1271 936 1334 καθ’
970 1270 1143 1353 ὑμετέρΗΝ
1174 1271 1271 1352 χίίνα
1302 1276 1430 1360 etpost

239 1398 339 1464 pauca
363 1375 544 1455 ἐπιμελείας
568 1378 640 1442 ὨΟ
665 1376 807 1444 ἐδύναντο
830 1377 959 1454 πλείςης
984 1399 1040 1464 pro
1064 1376 1110 1453 ἧς.

281 1618 361 1706 Pag.
384 1616 463 1685 178.
488 1617 660 1699 τυραννικόν
680 1627 738 1685 ΤΕ
757 1628 869 1701 χρῆμα
889 1620 941 1686 καὶ
963 1621 1037 1693 θεοῖς
1060 1618 1284 1701 ἀπεχθόμενον.
1322 1620 1428 1708 Scrip-

238 1731 322 1792 66161
354 1723 527 1804 τυραννικόν
558 1734 604 1789 TI
635 1733 747 1805 χρῆμα
779 1724 939 1793 locutione
969 1726 1167 1802 Herodotea‚
1199 1748 1261 1812 qua
1283 1727 1428 1792 mulium

238 1831 411 1919 Dionysius
436 1830 663 1896 delectabatur.

284 2072 365 2159 Pag.
399 2070 474 2138 179.
504 2073 539 2137 111
569 2072 723 2159 1111111616
755 2076 820 2137 esi:
852 2070 904 2136 xci
937 2075 987 2136 νῦν
1018 2069 1064 2136 ἔπι
1097 2071 1335 2149 διαλαμπούσης
1370 2083 1427 2150 πῆς

241 2178 348 2258 λίμνης
375 2179 405 2242 ἒν
428 2176 512 2259 μέρει
537 2178 594 2244 τινί
620 2175 695 2243 ὅταν
719 2178 886 2258 ὑπονοςιίση
909 2177 944 2241 τὸ
968 2180 1057 2255 νῖομα
1081 2178 1133 2244 καὶ
1158 2178 1281 2259 sudreie
1301 2181 1314 2244 d
1333 2180 1425 2258 βυθὸς

240 2284 369 2362 νένηπαι
404 2285 551 2353 ποιςοὶδων
583 2285 701 2363 ἐρείπια
735 2283 787 2347 καὶ
821 2281 909 2348 ίολλα
940 2284 1082 2358 οἰκίσεως
1113 2284 1205 2370 ἴχνη,
1237 2286 1321 2350 uude
1344 2287 1427 2351 banc

241 2393 309 2456 erui
339 2390 487 2478 Dionysii
518 2408 669 2456 manum:
701 2388 753 2454 καὶ
785 2395 834 2454 νῦν
866 2387 910 2454 ἔπι
943 2387 1133 2468 διαλοίμπθῑ
1166 2399 1221 2464 σοῖς
1253 2391 1363 2467 λίμνης
1396 2392 1426 2454 ἕν

239 2495 323 2576 μέρει
347 2497 404 2562 σιν1
430 2493 559 2562 ὄταν-
574 2495 725 2577 ΦΑΝερὸς
749 2497 762 2560 1
786 2495 877 2574 βυθὸς
902 2496 1029 2575 γένηται
1055 2495 1202 2564 παςοίδαν
1224 2496 1352 2574 ἐρείπια.
1388 2495 1427 2561 In

238 2604 310 2669 aliis
333 2603 426 2668 libris
449 2605 550 2668 fertur
572 2603 676 2668 1611116
700 2605 851 2667 correctio
875 2601 1089 2676 διαλειπούσης
1110 2622 1167 2687 pro
1187 2602 1427 2679 διαλαμπούσης

237 2715 270 2776 61
300 2712 335 2774 in
361 2708 422 2774 fine
447 2710 575 2775 additur
597 2708 763 2792 φαίνεται,
778 2728 867 2793 ¹quae
891 2708 1059 2773 manifesta
1082 2709 1265 2772 correctoris
1288 2709 1426 2792 1116166-

236 2816 315 2882 latio
339 2820 397 2883 661.

282 3055 363 3143 Pag.
398 3050 474 3118 185.
506 3052 727 3118 scribendum:
756 3052 807 3116 τὸν
831 3052 862 3116 δὲ
886 3057 1064 3117 τελευταῖον
1087 3050 1250 3129 γενόμενον
1275 3058 1330 3126 πῆς
1356 3053 1426 3118 ‘Pd-

238 3150 298 3240 μης
324 3159 460 3238 οἰκισμὸν
485 3158 502 3234 ἢ
530 3158 628 3226 κτίσιν
653 3159 669 3235 s
694 3156 713 3225 δ’
733 3183 763 3224 πι
789 3160 900 3233 δήποτε
921 3157 981 3239 χρὴ
1001 3165 1108 3222 καλεῖν
1129 3157 1262 3236 Τίμαιος
1280 3157 1338 3237 μέν
1357 3161 1423 3224 uri.

235 3269 323 3352 Male
345 3267 483 3333 Urbinas
508 3265 671 3344 γενόμενον
695 3267 872 3351 transponit
895 3269 967 3350 posi
988 3265 1049 3344 χρὴ
1074 3271 1192 3330 καλεῖν.

279 3508 360 3596 Peg.
396 3505 472 3573 188.
505 3505 555 3571 ἐπὶ
586 3509 640 3581 σοῦ
666 3504 752 3584 παρὰ
776 3512 839 3575 τοῖς
866 3509 1098 3571 ’ΛΓΧῙΟΤεῦσι
1123 3503 1261 3582 κειμένου
1286 3504 1424 3578 πίνακος.

236 3615 375 3705 Egregie
406 3614 589 3680 emendavit
620 3609 1079 3677 Ν161611166ἊΡΧΙΕΡεῦσι.
1126 3611 1260 3677 Faciunt
1282 3611 1426 3677 haec-ad

236 3720 332 3787 fidem
363 3725 544 3786 nestrorum
575 3717 729 3783 Codicum
761 3717 1010 3794 aestimandam,
1040 3719 1096 3801 qui
1126 3721 1247 3782 scatent
1278 3717 1426 3782 huiusce-

236 3829 326 3895 modi
349 3828 517 3894 erroribus.

284 4052 363 4141 Pag.
392 4048 467 4116 193.
493 4050 546 4112 ποῦ
571 4069 607 4110 πε
632 4046 715 4121 δίκην
739 4046 888 4126 ὑποσχεῖν
911 4044 1003 4127 Φόβῳ
1027 4044 1078 4109 καὶ
1102 4040 1426 4124 descendentesque!

239 4185 313 4227 ποτε
338 4163 393 4232 τῆς
417 4157 528 4237 doxis·
551 4154 618 4218 imo
641 4174 716 4219 vero
740 4153 792 4218 καὶ
817 4152 901 4235 ἔρωτι
925 4161 1013 4216 ΤΟΤ
1038 4150 1294 4229 μὴ’παοςίῆναι.

282 4382 364 4469 Pag.
397 4377 473 4446 194.
505 4381 743 4450 ΠΕΝΤΑεσοῦς
775 4375 806 4441 δὲ
836 4377 890 4441 οὐκ
921 4374 1041 4440 ε’λοίτσιο
1068 4371 1175 4454 χρόνον
1201 4371 1277 4465 (leg.
1301 4375 1423 4470 χρόνον)
