3076 5004
687 279 722 328 11

98 477 202 544 fnisse
225 485 464 546 commemorat.
512 483 684 559 ,somnes
707 485 814 565 hyetos
836 486 914 546 σίσοο
934 486 1046 546 ον’σίιιιιι
1063 491 1164 566 quotes
1185 481 1296 548 οιίτίί.”

100 600 160 666 sed
192 622 357 685 „nusquam
387 605 504 685 θσιιίριισ
527 605 630 685 hyetto
653 606 754 666 audita
776 613 838 666 est:
857 639 899 652 -
920 606 1105 686 aplos-isque
1125 608 1297 688 τοροιιίίθιιε

101 725 234 784 missi.-
256 725 378 802 Eeqeod
389 722 536 807 scombris
557 745 667 803 quoque
688 727 800 810 οιρίικιι
818 724 1021 806 spectrum?
1041 728 1074 786 s'd
1091 729 1167 787 σκιίιι
1186 729 1297 788 mem

101 864 219 925 οοοιρσκ
239 846 409 906 remotim
423 841 524 924 fore.'’
558 841 711 931 Dionysio
734 841 817 908 nihil
838 843 955 909 horum
978 842 1129 910 credibile
1150 844 1294 910 ridetm:

100 968 159 1036 τῆς
184 961 216 1026 δὲ
239 962 384 1044 οὶρπανιῑς
409 962 464 1036 την
488 963 592 1028 αἰτίαν
616 964 642 1028 σί
666 965 723 1041 μὲν
747 965 789 1035 είς
813 962 925 1028 σποθνιν
949 969 1101 1043 γυναικῶν
1123 963 1294 1046 θναφίρον-

101 1106 169 1168 σιν,
183 1084 263 1149 -οί
295 1082 325 1148 δὲ
349 1081 392 1148 τὸ
415 1083 616 1149 πιθανώτατα
640 1083 837 1166 γράφοντες,
860 1080 903 1154 οἷς
926 1085 1015 1163 adei>
1039 1083 1291 1165 συγκατεθέμην,

102 1206 148 1278 εἰς
167 1203 202 1270 τὸ
224 1202 362 1285 οονοίψαι
383 1202 543 1284 Φιλθτητα
563 1204 635 1285 τρίς
654 1204 713 1276 τας
735 1205 961 1285 πλησιοχώρους
982 1203 1087 1278 πόλεις
1102 1206 1293 1285 ἀναγκαίαν.

103 1324 209 1410 Quid,
241 1344 375 1410 quaeso,
408 1322 532 1389 πιθανίν
563 1325 628 1390 dici
657 1327 775 1411 poterit
806 1327 834 1390 si
863 1325 923 1390 hoc
950 1345 1013 1391 non
1044 1323 1112 1391 ceti
1158 1324 1296 1393 Romani

101 1445 221 1512 vicinis
242 1445 393 1533 gentibus
414 1465 471 1531 per
494 1465 655 1511 summam
681 1445 907 1511 contumeliam
932 1447 1121 1533 insignitam
1144 1448 1296 1512 iniuriam

102 1565 247 1630 fecerunt
268 1563 373 1630 multo
397 1585 507 1632 cruore
530 1565 719 1652 expiandam
742 1567 784 1639 είς
804 1564 839 1631 τί
858 1564 996 1648 συνάψαι
1015 1565 1176 1647 Φιλότητα
1195 1569 1296 1646 οἰναρ-

103 1685 209 1750 ιιαίαν.
255 1683 404 1751 Vidimus
434 1684 556 1751 lentam
586 1685 759 1751 admodum
790 1684 981 1752 Sabinorum
1013 1688 1053 1752 ob
1084 1693 1190 1774 raptus
1212 1686 1295 1754 filiae

102 1808 188 1872 iram
217 1806 329 1883 fuisse,
362 1826 500 1891 namque
530 1807 564 1870 in
594 1807 714 1872 ricinia
736 1806 930 1883 habitantes,
954 1807 1037 1873 unde
1059 1807 1294 1892 ludosspecta

103 1931 177 1991 tum
209 1947 284 1992 cum
312 1926 465 1992 uxoribus
493 1946 530 1992 ae
551 1923 678 1992 filiabus
699 1933 867 2004 venerant,
891 1936 995 2009 ροσείο
1018 1932 1127 1991 ἄνοικοι
1149 1951 1224 1992 cnm
1246 1931 1294 1994 in·

102 2048 204 2112 iuriae
236 2066 309 2111 suas
338 2044 450 2111 ulcisci
476 2053 663 2133 coeperunt,
686 2068 786 2132 quum
809 2052 973 2133 raptarum
995 2046 1166 2114 nonnullae
1189 2054 1294 2116 ternos

101 2169 170 2232 iam
191 2166 310 2232 liberos
332 2169 533 2251 peperissent
571 2167 769 2233 Admirabile
794 2170 891 2234 stiam
916 2172 963 2233 est
985 2174 1057 2253 poet
1079 2174 1128 2234 tot
1151 2170 1291 2249 saecula,

102 2308 204 2372 quum
226 2287 345 2352 Fabius
366 2285 476 2351 Pictor
498 2289 643 2351 omnium
666 2288 789 2372 primus
808 2294 880 2374 post
899 2287 1021 2354 bellum
1041 2287 1292 2356 Hannibalicum

101 2412 235 2472 Δαναίσι
263 2407 431 2484 scriberet,
463 2407 502 2472 de
528 2426 662 2473 numero
684 2413 846 2492 raptarum
868 2414 936 2473 tam
959 2407 1082 2494 liquido
1104 2413 1292 2478 constitisse.

101 2525 261 2594 Romulus
291 2530 377 2594 enim
408 2526 608 2609 διαριθμήσας
639 2530 697 2602 τὰς
728 2527 819 2609 κίρας
850 2529 1013 2607 ἑξακοσίας
1046 2553 1081 2594 τε
1111 2531 1163 2595 καί
1187 2532 1292 2610 lybosi·

102 2672 196 2714 κοντα
228 2647 281 2714 καί
314 2656 392 2730 τρεῖς
425 2645 523 2730 εὗρεν,
550 2670 685 2735 quarum
706 2648 840 2716 Sabinae
860 2652 972 2716 scribit
994 2650 1091 2716 fuisse
1113 2671 1188 2740 pag.
1214 2650 1290 2717 335.

101 2768 310 2841 πεντακοσίας
341 2793 377 2834 τε
408 2769 461 2834 καί
493 2768 656 2852 τριάκοντα
686 2775 772 2852 τριῶν
804 2769 941 2840 δεούσας.
989 2769 1074 2837 Hine
1096 2771 1293 2860 intelligitur

100 2910 186 2957 error
215 2889 382 2956 Plutarchi
412 2893 447 2956 in
476 2895 601 2954 Remulo
631 2912 700 2976 cap.
735 2891 789 2957 14.
822 2892 1007 2958 scribentis:
1041 2891 1234 2973 οἱρπασθιῑναι
1258 2893 1291 2959 δέ

100 3015 200 3091 Φασιν
230 3012 256 3076 οί
286 3011 343 3089 μὲν
371 3009 534 3094 τριάκοντα
558 3011 673 3088 ριίνας,
698 3011 757 3094 αφ’
782 3008 819 3075 ὦν
842 3012 895 3077 καί
921 3013 978 3086 τας
1002 3013 1156 3094 Φρατρίας
1178 3014 1290 3092 ὄνομα·

99 3133 215 3207 σθιῑναι.
265 3132 430 3214 Οὐαλέριος
461 3133 493 3198 δὲ
524 3132 649 3204 Ἀντιίις
681 3133 766 3197 ἑπτα
790 3133 843 3198 καί
868 3132 961 3198 είκοοι
982 3134 1034 3199 καί
1059 3136 1288 3213 πεντακοσίας,

102 3248 209 3329 Ἰθβας
238 3250 269 3316 δὲ
301 3261 380 3334 τρεῖς
411 3253 463 3317 καί
495 3252 683 3332 ὀγδοήκοντα
714 3253 766 3318 καί
791 3253 955 3332 ἑξακοσίας
977 3256 1149 3334 παρθένους.
1194 3254 1292 3322 Vides

100 3391 249 3438 numeros
279 3394 345 3462 esse
378 3374 504 3439 eosdem
536 3371 600 3438 527
631 3379 663 3439 et
696 3372 779 3452 683,
813 3374 868 3440 sed
898 3372 1045 3440 Valerius
1076 3377 1190 3441 Antias
1210 3375 1294 3442 soles

101 3491 235 3560 Sabinas
274 3496 474 3573 numeravit,
518 3493 599 3560 Iuba
643 3514 753 3561 omnes
792 3491 1017 3575 Caeninenses,
1052 3491 1290 3576 Crustuminae,

101 3615 309 3680 Antemnates
337 3620 370 3681 et
401 3613 543 3680 Sabinas.
569 3614 705 3681 Livius
741 3617 832 3699 quasi
865 3613 948 3679 nibil
983 3636 1136 3701 umquam
1171 3616 1210 3682 de
1242 3617 1294 3683 his

101 3734 310 3801 inaudivisset
338 3739 394 3801 aut
416 3733 548 3822 legisset
571 3735 682 3800 scribit
704 3734 729 3800 Ι.
756 3733 810 3800 13.
858 3739 1026 3812 ,Βαρκαίοις
1047 3759 1134 3816 ραικκ
1151 3742 1293 3820 polibium

102 3860 135 3918 ιη
157 3860 254 3918 αλια
275 3873 345 3920 m
364 3859 503 3920 ικααα
524 3861 640 3920 mena
659 3878 756 3918 etrum
778 3853 994 3941 (saburrum)
1015 3861 1106 3919 cese
1126 3858 1295 3941 αρσιτοβ
1346 3836 1351 3844 “

101 3972 149 4041 De
180 3973 336 4054 Varrone,
367 3978 423 4062 qui
451 3975 573 4061 liquido
603 3976 873 4043 demonstraverat
902 3972 1072 4042 Curiorum
1096 3981 1225 4044 nomina
1248 3980 1292 4045 rat

102 4095 159 4173 μὲν
191 4096 247 4160 ἀπ’
277 4098 387 4176 ἀνδρῶν
418 4098 573 4177 ληφθῆναι
607 4096 781 4175 ἡρεριθναν,
812 4098 856 4162 τοὶ
887 4095 915 4162 δ’
947 4099 1010 4163 απὸ
1040 4096 1141 4163 τθπιιν
1179 4099 1229 4188 (ut
1259 4102 1294 4165 in

100 4217 249 4282 tribubus
267 4216 389 4284 factum
411 4217 573 4302 videmus)
604 4216 748 4305 (Dionys.
772 4239 845 4309 pag.
872 4217 983 4307 335.),
1007 4219 1142 4286 verbum
1164 4219 1293 4285 nullum

96 4335 187 4404 fecit
235 4337 354 4406 Scribit
376 4342 503 4406 tentum
529 4341 634 4418 ,saed
655 4341 740 4403 dubis
762 4337 925 4428 aliquanto
947 4360 1119 4410 numerum
1137 4340 1293 4411 maiorem
