3076 5004
772 82 838 149 194

208 264 271 351 ἄρον
301 271 367 336 κπὲ.
413 270 451 336 In
479 271 539 338 hec
568 272 737 338 notissime.
769 274 940 341 verborum
962 276 1190 359 compositione
1212 275 1344 361 ponitur
1364 277 1397 343 oe

206 374 271 459 γοὶρ
295 386 354 443 ΔΗ
377 378 430 445 vel
454 380 485 444 od
510 379 573 459 γὰρ
597 380 712 458 δήπου,
736 400 872 466 quorum
895 379 978 445 illud
1000 381 1246 447 restituendum.

275 593 355 680 Peg.
389 590 491 657 2065.
523 590 595 672 πρὸς
626 594 731 655 τοῦτου
765 592 916 676 [ὁρῶντες]
950 588 1172 671 ε’κκλήσιοθζετε
1201 591 1254 658 xci
1288 590 1396 671 νόμους

206 698 368 782 εἰσφέρετε
397 695 531 769 κοινούς.
577 696 649 762 Non
680 696 813 782 probavi
843 696 1041 784 Kiesslingic
1072 697 1194 776 ὁρῶντες
1216 700 1398 764 insiticium

206 829 273 876 esse
296 810 329 872 et
346 804 562 870 resecandum.
608 801 657 867 Re
679 805 797 868 iterum
818 803 989 891 diligenter
1008 803 1205 869 considerate
1222 825 1286 870 non
1304 811 1398 872 muto

206 915 406 981 sententiam.
438 911 477 975 cf.
510 928 582 997 pag.
618 908 717 974 1920.
751 908 824 989 πρὸς
855 915 961 973 τοῦτον
985 909 1165 991 ἕψήΦθσοοτο
1189 912 1206 985 ή
1230 908 1340 989 βουλή.
1365 917 1399 978 et

205 1043 279 1109 pag.
313 1014 412 1084 1938.
444 1015 518 1094 πρὸς
549 1021 656 1080 τοῦτον
686 1015 917 1094 βουλευομένοις
943 1017 1037 1081 ε’θθκει
1061 1017 1127 1081 κπὲ.
1174 1015 1342 1102 Imprimis
1363 1020 1399 1083 in

207 1127 347 1193 oratione
377 1123 529 1189 iracunde
559 1132 591 1188 et
613 1121 795 1188 truculente
817 1123 914 1188 habet
935 1122 1054 1187 locum.
1101 1118 1220 1189 Consul
1240 1121 1399 1190 Horatius

205 1235 348 1299 minutus
379 1229 489 1294 caedes
515 1231 547 1294 et
569 1228 715 1293 incendia
738 1230 850 1294 statim
872 1228 978 1293 addit:
1003 1229 1075 1309 πρὸς
1099 1233 1204 1293 τοῦτο
1227 1229 1398 1302 ἐκκλησιά-

206 1338 276 1421 ζετε
299 1335 351 1402 xci
376 1334 483 1414 νόμους
508 1332 667 1416 εἷσφέρεπε
691 1334 824 1406 νοιινούς.
871 1334 1040 1419 Euripides
1063 1337 1098 1399 in
1120 1335 1248 1401 Medea:

409 1441 481 1522 πρὸς
505 1444 610 1506 τοῦτο
634 1440 687 1506 xci
711 1441 839 1507 λέοιινοον
863 1442 888 1506 εἰ
911 1440 1020 1520 βούλεο
1044 1440 1147 1507 cens..

249 1655 330 1743 Peg.
363 1648 463 1716 2066.
496 1651 549 1715 οὐκ
573 1649 893 1730 οοὶσχύνεσθε-οὐδὲ
918 1651 1004 1715 ιοοοτὰ
1028 1659 1088 1729 sie
1113 1649 1230 1717 θύεσθε.
1279 1651 1400 1719 Memi-

204 1765 295 1829 nerat
324 1758 388 1824 loci
417 1755 639 1841 Xenophontei
669 1758 704 1820 in
735 1756 868 1820 Aoctaci
898 1754 968 1821 VII.
1005 1756 1036 1824 7.
1064 1755 1119 1822 11.
1145 1757 1206 1836 ε’γθι
1229 1757 1286 1834 μὲν
1310 1758 1397 1823 cart

145 1934 151 1946 ,
205 1875 261 1943 τής
286 1872 346 1946 γῆς
370 1862 568 1943 ιοοοτοοδθομοοι
593 1862 650 1928 ὑπὸ
674 1870 730 1939 τής
754 1860 917 1944 οοίσχύνής.
943 1863 983 1928 cf.
1010 1864 1117 1948 θριορ.
1140 1861 1195 1927 VI.
1223 1862 1252 1928 1.
1279 1862 1335 1929 35.

251 2063 332 2150 Peg.
365 2057 464 2126 2067.
497 2058 642 2141 πρθθυμοι
676 2057 703 2122 θ’
737 2059 766 2122 ἕν
794 2058 888 2123 ποονπὶ
913 2059 1004 2139 νοοοιρῷ
1029 2058 1096 2138 περὶ
1122 2058 1204 2136 ὑμᾶς
1229 2060 1397 2139 γεγονότες

206 2168 370 2246 ’Heroden
401 2165 531 2247 μετρίοις
562 2163 635 2242 παρ’
660 2165 741 2242 ὑμῶν
763 2172 872 2244 τυχεῖν
895 2163 1033 2244 χάριτος.
1048 2201 1089 2212 -—
1103 2165 1128 2229 ci
1154 2164 1186 2229 δὲ
1209 2166 1396 2247 προσίςοοτοοι

204 2273 287 2342 τοῦθ’
316 2275 441 2351 ὑμῖν-
455 2270 555 2335 οὐκέτι
578 2275 811 2351 φιλονικοῦμεν;
837 2273 1004 2356 scripserat
1026 2270 1189 2356 ἀξιοῦμεν,
1213 2293 1276 2337 non
1300 2270 1397 2348 ήξιοῢ-

204 2407 277 2461 μεν,
301 2378 443 2445 nondum
474 2379 560 2443 enim
588 2398 607 2442 a
632 2377 768 2462 petendo
797 2377 982 2441 destiterunt
1005 2380 1043 2441 ut
1066 2397 1133 2462 sqq.
1157 2378 1346 2444 ostendunt:
1370 2380 1395 2444 ri

204 2489 236 2554 ti
260 2484 446 2570 προσθςοοποοι
459 2521 501 2531 -
514 2482 566 2547 κοιὶ
592 2485 645 2547 οὐκ
667 2479 802 2558 sercou.

247 2666 327 2752 Peg.
359 2661 458 2728 2068.
490 2660 647 2742 παρελθὼν
671 2658 723 2723 xci
747 2658 791 2725 roi
814 2660 920 2725 diuam
943 2663 997 2724 τοῦ
1023 2659 1119 2738 δήμου
1142 2662 1215 2742 πρὸς
1240 2664 1297 2737 τήν
1320 2664 1394 2742 βου-

205 2774 261 2848 λήν
285 2767 416 2835 ἕποιντο
443 2764 754 2846 erectionem...
790 2766 991 2854 Dignissimis
1013 2787 1093 2853 quse
1115 2771 1309 2854 reciperetur
1327 2776 1397 2836 eret

203 2878 329 2945 Reiskii
350 2874 547 2942 emendatio:
572 2868 703 2937 ἅποονποι
727 2873 770 2943 εἰς
796 2863 825 2936 ἓν
850 2870 1120 2950 συνενεγκάμενος.

247 3059 327 3145 Peg.
351 3052 451 3121 2070.
475 3049 511 3118 G.
537 3047 691 3117 Claudius
711 3054 869 3118 asseverat
887 3051 1031 3117 tribunos
1050 3051 1156 3136 plebei
1176 3054 1228 3118 κοιὶ
1249 3054 1301 3119 τὸν
1321 3055 1389 3135 περὶ

201 3173 256 3240 τῆς
280 3158 468 3242 κληρουχίας
494 3150 579 3229 οοῦθις
604 3158 760 3238 προθήσειν
782 3165 932 3222 ΛΟΓΟΝ
956 3156 1009 3222 κοοὶ
1034 3159 1085 3223 τὸν
1109 3157 1182 3238 ὑπὲρ
1206 3165 1261 3232 τῆς
1283 3161 1391 3226 ἰσοΤΙ-

199 3271 290 3351 μθοος.
343 3264 477 3333 Certum
511 3269 559 3329 est
593 3263 747 3342 προθήσειν
781 3271 943 3328 NOMON
978 3266 1107 3329 restitui
1140 3269 1293 3350 oportere.
1341 3266 1391 3332 No

202 3377 329 3443 dubites
351 3390 500 3456 compara
522 3389 595 3456 pag.
621 3366 722 3434 2085.
747 3369 902 3450 προθήσειν
924 3369 988 3448 γθορ
1013 3365 1097 3443 αὖθις
1118 3369 1169 3435 πο’ν
1189 3394 1224 3436 τε
1246 3371 1312 3453 περὶ
1334 3379 1390 3444 τῆς

201 3477 388 3563 κλήρουχθοις
411 3481 574 3540 NOMON
588 3474 697 3539 -uci
721 3474 773 3539 τθν
797 3475 863 3555 περὶ
889 3482 944 3549 τής
968 3474 1208 3555 deotimus,
1234 3474 1264 3541 ὃν
1288 3479 1313 3542 οἱ
1335 3480 1390 3560 πρθ

203 3589 302 3654 circis
335 3582 488 3660 δήμαρχοι
523 3580 680 3660 προθέντες
709 3583 762 3647 οὐκ
792 3582 1004 3665 ἐπεψήφισαν.
1052 3580 1159 3647 Simul
1181 3588 1312 3668 apparet
1334 3606 1391 3670 pro

202 3690 357 3771 ἱσοπιμθοος
382 3686 570 3765 ἰσοΝΟμίοοσ
594 3708 708 3755 verum
731 3708 807 3754 esse.

245 3876 326 3961 Peg.
351 3867 450 3937 2073.
474 3877 537 3943 τοῖς
559 3867 586 3933 θ’
610 3865 670 3950 ἄροι
694 3872 789 3934 ποῖσιν
815 3863 848 3942 ήν
871 3871 977 3933 ποιῦτοο
1001 3869 1073 3931 κοτ’
1092 3868 1197 3948 οὶρχοὶς
1217 3868 1389 3966 δεδογμένα

200 3981 276 4063 μήτ’
301 3976 530 4056 εἶτήγήσιοσθοοί
551 4000 620 4040 τινοι
645 3975 745 4039 aaron
768 3975 945 4050 πολίτευμοο
968 3973 1062 4050 μηδὲν
1082 3974 1134 4054 ἐφ’
1155 3975 1253 4055 ὲοουπῷ
1275 3978 1386 4056 ἕπιβοι-

201 4087 339 4166 λθμενον.
388 4082 515 4148 Ultima
544 4081 642 4147 verbe
667 4079 809 4167 intelligi
831 4099 893 4144 non
916 4085 1055 4164 possunt.
1104 4079 1141 4145 ln
1165 4080 1318 4147 Urbinete
1342 4104 1377 4148 es

201 4196 253 4279 ἐφ’
286 4190 383 4271 severi
413 4186 607 4269 βουλόμενον,
640 4189 690 4252 in'
704 4183 854 4252 Ghisiano
878 4185 929 4269 ἐφ’
953 4186 1049 4268 ἓοουτῷ
1074 4183 1270 4265 βουλόμενον.
1317 4189 1364 4254 Lu
