3076 5004
738 312 804 382 210
856 367 857 370 ,

201 496 303 592 Ῥας.
335 501 434 568 2244.
466 507 617 570 τεκοῦσαν
647 505 703 582 μὲν
734 504 797 582 γαρ
832 501 1164 585 ανάγκην-τρέφειν
1188 501 1256 570 θτι
1281 505 1363 580 dciii

176 612 272 690 φύσις
297 610 450 691 ἐξενένκη.
496 611 586 676 Libri
609 608 745 688 οένοίγιιη.
792 609 978 697 Legendum
1003 609 1127 687 οἶνοίγκη
1144 609 1233 677 ἮΝ.
1267 612 1366 678 Redit

177 719 263 782 enim
293 717 332 782 ed
362 721 536 784 orationem
559 723 690 784 rectam.
737 715 774 782 Si
795 717 950 782 indirecte
965 719 1023 782 >uti
1045 715 1199 782 voluisset
1223 718 1367 796 ανάγκην

175 818 253 889 εἶναι
278 823 401 889 dictum
424 826 575 908 oportuit.

223 929 314 1008 Quod
342 934 413 1014 post
445 929 585 1007 οένοίνιιην
616 929 744 994 additur
773 935 832 992 τῶν
862 928 973 993 τέκναν
1004 928 1146 1003 δεομένην
1174 932 1244 994 iure
1266 934 1366 1017 neget

174 1034 349 1123 Kiessling.
382 1034 524 1123 intelligi
554 1055 660 1121 posse,
694 1035 749 1104 sed
780 1042 869 1102 THN
903 1026 1014 1100 τέιινοιυ
1045 1035 1186 1113 δεομένην
1215 1039 1294 1118 sotis
1317 1042 1367 1103 est

174 1143 388 1231 perspicuum.

222 1349 302 1437 Peg.
332 1347 431 1415 2248.
464 1350 477 1414 ὃ
511 1352 613 1430 πατὴρ
645 1350 659 1413 ὁ
691 1346 818 1428 Μάρκου
850 1349 1003 1416 Κλαυδίου
1031 1350 1111 1414 τουδί
1137 1358 1290 1416 τελευτῶν
1313 1352 1366 1417 τὸν

176 1456 245 1534 βίον
277 1455 384 1529 ἠξίωσέ
414 1480 455 1532 με
484 1454 536 1519 τὸν
568 1457 629 1520 υἱὸν
661 1456 755 1520 αὐτοῦ
784 1456 922 1530 ιη’πιον
953 1454 1216 1535 καταλειπόμενον
1249 1458 1366 1539 ἐπιτρο-

177 1567 304 1628 πεῦσαι.
352 1561 441 1627 Libri
473 1560 588 1639 παῖδα,
621 1561 705 1646 quod
734 1561 900 1650 Kiessling
930 1564 1035 1627 nescio
1067 1582 1129 1647 qua
1152 1561 1190 1628 de
1214 1583 1309 1629 cause
1331 1565 1367 1628 in

177 1671 279 1745 νηπιοι
310 1670 476 1733 convertit.
524 1667 712 1746 Quindecim
744 1669 834 1732 annis
865 1673 938 1732 ente
968 1668 1153 1733 Numitorio
1183 1667 1368 1756 Virgiuiam

178 1779 342 1860 pepererat
376 1775 460 1860 (pag.
487 1770 576 1837 2233
601 1778 633 1837 et
657 1770 776 1857 2244),
801 1777 839 1836 ut
861 1773 958 1857 Appii
987 1771 1084 1838 cliens
1107 1776 1134 1838 si
1158 1774 1259 1848 νήπιος
1284 1781 1368 1840 esset

112 1872 118 1882 ’
175 1902 194 1947 o
227 1885 316 1964 petre
349 1877 480 1943 relictus
513 1881 570 1943 vix
605 1883 821 1962 praetextatus
856 1898 922 1942 esse
957 1879 1086 1945 desiisse
1118 1879 1221 1944 videri
1251 1879 1368 1946 debeat

174 2007 272 2071 quum
296 1987 330 2049 in
352 1986 540 2050 servitutem
564 1983 744 2071 Virginiam
769 1986 929 2049 assereret.
966 1982 1029 2049 Sed
1051 1985 1110 2049 hoc
1130 1984 1201 2051 leve
1222 1992 1270 2051 est
1290 2008 1367 2072 pree

176 2093 360 2177 turpissimo
380 2089 511 2164 mendo,
538 2108 600 2174 qno
623 2091 787 2173 sequentia
809 2088 965 2154 laborant.
1012 2088 1172 2155 Indicium
1196 2092 1259 2156 sibi
1283 2097 1367 2159 tute-

176 2196 244 2262 lam
276 2198 385 2282 agenti
415 2194 537 2259 factum
568 2215 635 2259 esse
665 2198 772 2260 narret
795 2193 893 2258 filiam
920 2214 959 2259 ex
978 2193 1095 2279 pupilli
1117 2195 1233 2262 ancille
1255 2202 1366 2264 natum

178 2323 197 2367 e
227 2302 411 2367 Numitoris
442 2320 508 2364 esse
532 2303 728 2386 suppositam
752 2300 804 2364 καὶ
829 2301 863 2364 τὸ
889 2303 1025 2380 πρᾶγμα
1049 2299 1203 2377 ἐξετάσας
1232 2305 1364 2392 (inquit)

177 2406 288 2485 ἔμαθον
312 2403 403 2478 οὕτως
429 2404 511 2486 ἔχον.
546 2405 667 2472 Deinde
688 2409 736 2470 ite
757 2408 878 2496 pergit:
904 2406 1102 2487 ἐφάπτεσθαι
1122 2408 1180 2485 μὲν
1199 2405 1248 2475 οὖν
1268 2410 1366 2486 ἐμαυ-

176 2517 228 2579 τὸν
252 2522 308 2578 OT
333 2511 464 2592 προσῆκέ
488 2495 554 2590 μοι,
578 2518 771 2576 ΒΕΛΤΙΟΝ
792 2511 823 2576 δὲ
846 2495 1015 2590 ηνησοίμην
1034 2513 1132 2592 τούτῳ
1150 2513 1206 2589 την
1225 2514 1366 2592 ἐξουσίαν

176 2625 363 2686 καταλιπεῖν
399 2615 491 2680 ὁπότε
525 2617 601 2704 (leg.
637 2611 701 2696 ἐπε)
737 2617 855 2694 γίνοιτο
889 2619 974 2697 cinric.
1037 2617 1140 2685 Miror
1175 2617 1248 2704 quo
1272 2628 1365 2706 pecto

174 2723 349 2811 Kiessling.
392 2722 612 2787 foedissimum
657 2722 881 2788 soloecismum
927 2722 1126 2801 ἐφοίπτεσθαι
1162 2725 1296 2803 ἐμαυτὸν
1332 2731 1364 2794 σθ

176 2829 305 2912 προσῆκέ
330 2852 380 2906 μοι
404 2848 594 2913 concoquere
616 2830 774 2912 potuerit,
798 2828 853 2893 scd
876 2831 910 2893 in
937 2828 1020 2893 libro
1052 2832 1173 2914 optimo
1206 2835 1254 2897 est
1286 2833 1365 2912 ἔφα·

175 2938 306 3003 πτεσθαι
328 2934 386 3012 μὲν
408 2931 457 2998 οὖν
481 2934 606 3012 ἐμαυτῷ
627 2935 660 2997 οὐ
681 2934 842 3018 προσήκει,
862 2935 948 3000 unde
966 2955 1043 3000 vera
1062 2937 1219 3021 scripture
1235 2939 1366 3004 'exscul-

173 3044 275 3130 penda
305 3045 362 3106 est.
408 3039 558 3104 Primum
587 3042 715 3126 negotio
747 3039 879 3105 delenda
911 3045 976 3105 ost:
1005 3060 1081 3104 num
1112 3061 1208 3126 quem
1231 3025 1363 3110 tandem

172 3150 274 3216 alium
297 3167 394 3233 quam
417 3150 557 3210 tutorem
581 3145 745 3228 oportebat
764 3144 887 3230 pupillo
912 3143 1043 3211 cavere?
1063 3150 1095 3210 et
1115 3147 1199 3232 quod
1217 3153 1363 3235 sequitur

173 3254 340 3333 βέλτιον
371 3252 403 3316 δὲ
437 3250 605 3329 ἡγησαίμην
635 3248 794 3337 significet
824 3251 961 3316 alterum
988 3250 1070 3316 illud
1092 3254 1216 3318 iustum
1240 3275 1308 3321 esse
1332 3263 1364 3323 et

170 3361 315 3432 licitum,
340 3358 395 3423 sed
416 3377 502 3421 nuno
522 3359 631 3421 minus
654 3357 859 3421 commodum
886 3362 942 3421 aut
961 3357 1051 3421 utile.
1088 3357 1187 3423 Nulla
1207 3365 1364 3446 supererit

171 3463 341 3530 difficultas
363 3463 421 3526 ubi
441 3460 673 3527 emendaverist
695 3461 893 3541 ἐφάπτεσθαι
914 3463 970 3539 μὲν
991 3460 1038 3528 οὖν
1058 3463 1125 3540 ἐμοὶ
1147 3466 1188 3544 τῷ
1210 3465 1362 3548 ἐπιτρόπῳ

174 3580 322 3651 προσῆκε,
355 3567 481 3646 βέλτιον
512 3567 544 3631 δὲ
575 3566 743 3645 ηνησσίμην
773 3568 870 3648 τούτῳ
901 3571 955 3642 την
990 3568 1127 3644 ἐξουσίαν
1162 3582 1361 3638 καταλιπεῖν.

173 3679 251 3743 Erat
282 3673 415 3760 (inquit)
448 3695 541 3737 ιαοαια
569 3676 686 3738 tutoris
716 3675 860 3758 officium,
890 3676 944 3739 ced
968 3675 1065 3739 τοίνυν
1086 3698 1147 3741 erec
1162 3680 1274 3761 putavi
1295 3681 1365 3744 duic

174 3806 235 3848 com
250 3781 436 3866 facultatem
459 3779 637 3865 relinquere.

172 4044 175 4049 ,
218 3994 297 4080 Peg.
321 3989 421 4057 2249.
446 3991 487 4061 είς
512 3989 571 4061 τοὶς
595 3991 759 4061 πολιτικας
784 3989 909 4070 τροίξεις
935 3993 1157 4065 ἘΓνυλισθείς.
1199 3993 1364 4062 Sententia

172 4106 205 4168 et
232 4100 403 4165 verborum
434 4098 622 4178 compositio
653 4095 815 4182 postulant
845 4096 1078 4176 ἘΚκυλισθείς,
1104 4103 1212 4187 estque
1235 4121 1273 4168 eo
1295 4123 1365 4188 per·

172 4208 318 4290 frequens
349 4207 383 4268 in
414 4201 506 4266 libris
537 4202 686 4267 omnibus
720 4202 870 4267 confusio.
917 4202 1095 4289 Xenophon
1129 4208 1162 4270 in
1199 4207 1361 4272 Memorat.

173 4312 200 4379 Ι.
224 4311 256 4377 2.
280 4311 334 4376 22.
360 4311 430 4380 τοὺς
454 4309 494 4380 είς
521 4307 635 4387 ἔραται
660 4308 915 4383 ἐκκυλισθέντασ,
941 4310 998 4375 ubi
1020 4310 1252 4377 Ruhnkenium
1273 4314 1361 4381 vide:

172 4419 220 4483 ibi
249 4435 373 4503 quoque
404 4436 467 4481 non
498 4414 586 4481 deest
616 4416 707 4480 varie
736 4414 832 4480 lectio
866 4416 1139 4491 ἐΓιινηισθένταα
1185 4417 1233 4485 De
1263 4419 1364 4487 forme
