3076 5004
795 293 859 363 132

278 482 359 573 Peg.
387 483 482 550 1262.
516 487 621 551 ταῦτα
652 483 708 561 μέν
740 485 774 561 δὶς
799 488 946 567 Ῥωμαῖοί
967 511 1002 552 τε
1027 484 1079 551 καὶ
1105 495 1233 552 Λατῖνοι
1258 490 1426 567 συνέθηκαν

232 589 305 672 πρὸς
328 592 495 669 ἀλλήλους.
543 590 637 659 Oerla
660 597 708 657 est
728 591 854 661 Reiskii
878 594 1058 662 emendatio
1080 597 1319 666 συνεέήιιανΤΟ.

278 801 359 888 Pag.
386 800 484 867 1264.
507 809 571 874 τοῖς
595 802 626 867 δέ
651 800 817 867 οέκούσασιν
841 801 1005 882 ι’έσμενΟΝ
1031 804 1151 883 ἐγένετο
1211 805 1307 873 Ratio
1327 810 1375 874 rei
1394 812 1429 874 et

231 906 380 995 Dionysii
403 908 595 975 consuetudo
618 909 751 977 suadent
774 914 812 977 ut
834 909 1008 987 οὶσμένοΙΟ
1032 914 1219 1000 corrigatur.
1266 911 1429 980 Similiter

232 1034 305 1103 pag.
333 1013 429 1085 1342.
453 1016 494 1098 τῷ
518 1015 603 1097 δήμῳ
617 1053 658 1064 -
672 1013 836 1094 οέσμενΟΝ
861 1010 894 1091 ἦν
919 1038 994 1085 vera
1016 1017 1111 1087 lectio
1136 1023 1184 1084 est
1207 1017 1372 1097 οέσμένΩΙ.

633 1277 676 1325 AD
699 1276 821 1325 menon
844 1276 1017 1327 sermnem

278 1444 357 1530 Pag.
386 1439 483 1506 1310.
507 1438 644 1521 τύραννοι
674 1440 706 1506 δέ
734 1439 806 1506 τέτε
837 1440 921 1505 κατοδ
947 1439 1052 1513 πόλεις
1075 1442 1132 1518 μέν
1158 1439 1252 1518 ἦσαν,
1278 1442 1428 1524 ἐπιφανέ-

234 1572 329 1622 ςατος
353 1548 383 1614 δὲ
408 1547 509 1613 Γέλων
532 1548 546 1612 ὅ
570 1547 766 1624 Δεινομένους
799 1548 883 1616 reor>
916 1549 971 1622 riu
995 1549 1214 1630 Ἱπποκράτους
1243 1550 1309 1638 [τοῦ
1333 1552 1426 1617 αδελ-

232 1658 307 1742 Φοῖι]
332 1655 495 1735 τυραννίδα
518 1656 726 1736 παρειληφώς.
776 1654 974 1740 „Dionysium
1004 1663 1135 1720 ιοοιονιινα
1159 1658 1274 1740 lapsum
1294 1657 1344 1721 dic
1365 1680 1429 1723 αοιι

230 1761 433 1829 mediocriter”
457 1759 661 1826 Oasaubonus
685 1762 849 1827 existimat
873 1784 962 1838 „acm
984 1784 1076 1848 αερωο
1089 1764 1215 1848 fraires
1228 1764 1326 1848 fuere
1345 1764 1428 1848 Hip-

225 1877 365 1956 pocrutea
388 1877 415 1934 et
440 1870 529 1933 Gelo:
552 1875 580 1932 ct
605 1868 697 1931 Gelae
716 1865 818 1950 oppidi
840 1889 898 1930 αοα
926 1867 1136 1956 Syracusarum
1163 1870 1334 1955 iprurrnidic
1349 1871 1429 1955 fuit

232 2001 268 2042 ec
290 1974 460 2041 cccccccio’t
498 1971 604 2041 Grave
627 1975 763 2049 crimen,
788 1973 842 2036 sed
865 1993 959 2038 nemo
978 1994 1041 2039 non
1060 1975 1231 2040 mirabitur
1250 1997 1312 2061 quo
1331 1982 1428 2062 pacto

233 2085 304 2170 quis
335 2081 535 2146 mediocriter
567 2081 680 2145 doctus
710 2084 742 2144 et
764 2078 916 2145 historiae
939 2080 1048 2164 paullo
1072 2083 1204 2167 peritior
1226 2085 1260 2147 in
1285 2087 1353 2148 tam
1375 2085 1428 2148 in-

233 2193 360 2277 signem
383 2206 520 2252 errarem
539 2187 670 2251 induere
690 2207 723 2250 se
742 2188 883 2270 potuerit
899 2188 934 2250 in
953 2208 987 2252 re
1005 2190 1189 2264 notissima,
1210 2191 1301 2254 cuius
1320 2195 1429 2256 certus

234 2303 343 2362 auctor
366 2299 399 2358 et
422 2292 501 2359 olim
532 2298 599 2358 erat
626 2297 658 2357 et
688 2313 773 2358 nunc
797 2297 845 2357 est
868 2292 902 2353 in
927 2295 1071 2356 omnium
1094 2295 1259 2371 manibus,
1283 2294 1429 2362 Herodo-

233 2407 306 2467 tum
340 2401 410 2465 dico
453 2398 520 2464 VH.
562 2397 627 2463 154
639 2420 705 2483 sqq.
751 2396 821 2462 Has
851 2398 961 2462 turbas
995 2417 1104 2463 omnes
1138 2399 1266 2466 videtur
1301 2401 1429 2469 dedisse

232 2508 364 2579 sciolus,
392 2508 447 2592 qui
470 2506 509 2572 de
532 2525 589 2572 suo
613 2505 770 2571 addiderit
793 2509 846 2569 τοῦ
871 2504 1029 2588 ἀδελφοῦ,
1055 2526 1116 2589 quo
1141 2513 1298 2591 expuncto
1318 2511 1429 2575 omnia

233 2636 308 2682 sana
331 2618 364 2679 et
387 2633 462 2679 vera
484 2617 568 2678 sunt.
617 2608 749 2677 Gelonis
771 2611 883 2677 fratres
907 2613 963 2694 qui
994 2610 1112 2676 fuerint
1142 2634 1236 2679 nemo
1265 2615 1431 2682 nesciebdt

231 2727 288 2788 aut
310 2740 394 2786 nunc
418 2721 518 2785 nescit
541 2723 669 2805 propter
691 2718 909 2806 perelegantes
932 2713 1108 2782 Simonidis
1127 2720 1299 2786 versiculos
1314 2722 1349 2785 in
1368 2721 1429 2786 tri-

230 2829 311 2915 pode
334 2826 517 2911 inscriptos:

368 2933 452 3008 Φνμὶ
476 2930 606 3016 Γέλων,
631 2929 767 3014 Ἱέρωνα,
791 2928 988 3010 Πολύζηλον,
1015 2931 1252 3020 Θρασύβουλον,

424 3040 540 3110 παῖδας
566 3036 762 3114 Δεινομένους
787 3035 857 3108 τοὺς
881 3037 1026 3117 τρίποδος
1051 3039 1187 3116 θέμεναι.

277 3145 470 3213 Plutarchus
499 3146 536 3209 de
565 3145 692 3230 Pythiae
720 3143 852 3208 craculis
882 3163 955 3231 pag.
977 3142 1054 3208 403.
1074 3147 1101 3208 b.
1150 3145 1345 3226 Δεινομένους
1369 3155 1427 3216 τοῦ

234 3256 418 3322 Σικελιώτου
454 3249 680 3331 μαντευομένου
713 3249 779 3329 περὶ
811 3250 870 3313 τῶν
901 3250 983 3315 υἱέων
1016 3253 1136 3317 οἶυεῒλεν
1165 3256 1203 3324 ὥς
1235 3255 1260 3319 οἱ
1292 3263 1371 3333 τρεῖς
1398 3258 1424 3342 ¹)

232 3360 451 3442 resarciretur.
477 3357 683 3438 ὑποτυχόντος
704 3356 734 3420 δὲ
754 3359 806 3420 τοῦ
829 3355 1024 3432 Δεινομένους
1047 3358 1336 3442 ,,οέμωξο’μενοέ
1359 3384 1425 3442 γε,

234 3465 254 3534 ὦ
286 3468 464 3533 δέσποτα
491 3460 737 3530 ”Απολλον1”
769 3463 820 3527 καὶ
846 3463 936 3528 τοῦτο’
960 3465 984 3528 οἱ
1008 3462 1068 3545 έφν
1101 3465 1210 3531 διδόναι
1236 3466 1287 3531 καὶ
1312 3491 1427 3546 προσα-

233 3583 353 3654 ναιρεῖν.
386 3577 454 3642 Ἴτε
478 3573 575 3636 τοίνυν
599 3565 645 3634 irs
669 3569 769 3634 Γέλων
794 3571 850 3646 μέν
875 3571 1041 3649 ὑδρωπιῶν,
1067 3573 1162 3650 Ἱέρων
1181 3573 1213 3638 δέ
1237 3575 1336 3638 λιθιῶν
1356 3575 1426 3640 έτν-
1507 3563 1520 3581 ‘

231 3680 393 3765 ροένννσεν,
420 3680 433 3743 d
458 3678 488 3742 δὲ
513 3677 612 3752 τρέτοο
638 3676 909 3754 Θρασύβουλος-
927 3677 1052 3754 ἐξέπεσε
1076 3684 1132 3750 τῆς
1157 3681 1272 3759 αρχῆς.

277 3787 348 3853 Hac
367 3788 470 3872 igitur
489 3783 582 3867 culpa
600 3783 810 3849 absolvendus
830 3789 878 3850 est
896 3785 1085 3871 Dionysius,
1108 3785 1162 3851 sed
1182 3787 1330 3871 plurimis
1350 3786 1424 3854 aliis

231 3895 392 3982 aliquanto
423 3889 625 3977 gravioribus
657 3891 845 3955 criminibus
875 3892 1047 3976 premitur,
1085 3893 1168 3976 quod
1206 3887 1424 3960 Romanorum

230 4000 355 4068 fabulas
375 3997 413 4063 ad
435 4001 554 4061 certam
574 4003 606 4062 et
625 3996 821 4082 exploratam
840 3997 991 4062 historiae
1010 4000 1166 4063 rationem
1186 4020 1221 4064 ac
1240 4008 1424 4085 temporum

232 4108 328 4173 fidem
359 4106 446 4192 exigi
470 4124 559 4189 posse
587 4106 734 4189 opinatus
758 4091 814 4169 cst.
854 4102 957 4168 'lanta
979 4109 1026 4168 est
1050 4107 1136 4168 enim
1160 4107 1193 4170 in
1216 4108 1257 4171 iis
1280 4107 1423 4175 confusio

266 4364 290 4424 1)
307 4361 431 4426 Polyzelus
448 4360 511 4410 enim
528 4363 587 4410 natu
603 4358 716 4409 minimus
734 4359 837 4409 fratrum
853 4361 960 4426 privatus
977 4361 1038 4410 vixit
1053 4365 1179 4428 postquam
1196 4363 1271 4414 fretu
1288 4364 1422 4430 Thrasybu·

229 4447 267 4497 lus
283 4461 357 4519 regno
373 4447 457 4494 exutus
474 4445 517 4492 est.
551 4442 670 4491 Diodorus
687 4441 733 4492 Sic.
751 4442 794 4491 XI.
815 4441 853 4494 67.
