3076 5004
710 285 777 359 183

194 485 276 573 Pag.
311 481 409 550 1876.
440 483 542 560 ἐπειδη
572 485 627 548 οὐκ
657 476 691 556 ἐξ
726 476 1004 556 ἐπιβουλῆς-είς
1040 475 1125 542 αὐτοὶ
1160 473 1336 552 ιιιιπέςησαν

152 594 226 658 ἀλλ’
258 593 351 658 ὑπθΡ
381 600 438 668 τῆς
470 594 512 665 είς
543 590 586 657 rol
617 586 701 654 κοινοὶ
732 583 928 668 Φιλοτιμίας.
974 583 1066 649 Nihil
1095 585 1212 649 certius
1239 603 1336 669 quam

153 698 318 788 Sylbnrgii
341 700 518 765 emendatio
542 695 601 763 ὑπί
624 715 681 781 pro
703 691 786 773 ὑπέρ.

196 805 274 870 Post
296 825 397 890 pauca
418 807 453 870 in
476 805 596 871 verbis:
621 800 726 875 ἐπειδὴ
750 800 764 864 i
788 797 905 871 ὕπατος
930 800 1100 884 [Ἄππιος]
1125 799 1177 864 οὐκ
1201 797 1239 880 ἐρῖ
1262 794 1338 862 tolle

151 910 271 998 puerile
295 912 462 978 emblema.

195 1124 276 1211 Peg.
297 1120 396 1188 1884.
414 1119 427 1185 ὃ
446 1121 562 1194 ποίντες
581 1120 635 1202 (ίαν
650 1117 843 1206 addendum)
862 1118 1086 1196 ὁμολογήσειαν
1105 1116 1228 1197 ἰσχυρὸν
1246 1111 1336 1182 είναι.

197 1229 235 1294 In
269 1250 333 1314 sqq.
372 1228 477 1295 editur
506 1229 594 1313 turpi
624 1227 679 1292 sed
707 1226 865 1310 frequenti
895 1244 999 1290 errore
1026 1229 1129 1296 καλῶς
1153 1221 1338 1305 πεΤριίΦίιιι

153 1357 209 1423 pro
232 1333 427 1416 πεΘριίΦίαι.

198 1544 280 1632 Peg.
315 1541 413 1611 1887.
445 1542 479 1608 τί
511 1542 574 1624 yae
602 1542 664 1615 ἐίοι
687 1540 722 1607 πί
747 1539 1047 1623 συνεισπορευόμενον
1070 1538 1141 1619 ἅμα
1164 1540 1262 1624 ποιίπω
1286 1542 1340 1609 καί

156 1649 327 1729 διαμίνΟΝ
360 1651 390 1714 ἐν
413 1659 451 1731 τῇ
475 1649 564 1715 πόλει
588 1650 642 1714 καί
665 1648 761 1730 μέχρι
785 1646 900 1721 παντὸς
924 1647 1052 1727 ίλέίριου
1075 1646 1157 1718 ἐςοιι.
1205 1648 1343 1735 Impedi-

156 1761 222 1821 tem
260 1756 342 1822 hane
382 1757 552 1823 verborum
594 1757 857 1840 compositionem
892 1754 1038 1840 expedies
1073 1755 1250 1821 scribendo:
1288 1755 1340 1820 καί

155 1861 347 1941 διαμενεῖ
375 1862 404 1926 ἐν
427 1872 465 1944 πῇ
490 1860 578 1926 πόλει
602 1861 655 1927 καί
670 1861 852 1941 -ίλίίριον
875 1858 955 1930 ἐςαι.

199 2071 279 2161 Peg.
320 2069 418 2137 1888.
455 2069 629 2151 ἐβουλίμην
664 2071 721 2147 μέν
755 2070 793 2136 ἐιν
823 2071 874 2136 καί
906 2073 982 2142 θεοῖς
1013 2067 1152 2149 εὐξαίμην
1181 2072 1231 2140 ἵνα
1254 2071 1343 2151 ἧσσον

156 2174 232 2252 ἦσαν
268 2176 320 2264 [οἱ]
354 2178 507 2251 ἐπίσκηνοι
538 2176 663 2255 λυπηροὶ
694 2187 732 2259 πῇ
762 2176 862 2242 πόλει.
908 2176 1071 2243 Delendus
1094 2184 1142 2244 est
1175 2180 1341 2247 articulus.

156 2285 338 2356 Ἐπίοιιηνος
361 2283 515 2369 Dionysio
539 2288 587 2349 est
609 2281 696 2348 idern
720 2283 804 2367 quod
826 2282 1013 2361 ἐπίςαίμις,
1037 2304 1100 2368 quo
1121 2289 1250 2352 nomine
1271 2309 1343 2373 pro-

154 2392 222 2478 prie
257 2389 458 2474 appellantur
492 2388 613 2454 milites
649 2390 704 2474 qui
738 2390 772 2453 in
807 2390 965 2453 sociorum
997 2394 1029 2454 et
1059 2393 1234 2456 amicorum
1265 2395 1343 2460 urbe

152 2501 281 2560 ιιίυνιίιιν
310 2496 523 2579 oppidanorum
554 2495 691 2578 hospitiis
717 2497 784 2560 sive
814 2496 975 2581 peregrini
996 2495 1118 2560 milites
1138 2521 1193 2580 per
1215 2500 1345 2584 ἐοιριίίίυ

154 2601 291 2686 Meri.
338 2600 424 2667 Hine
455 2600 649 2678 ἐπιςαίμσύω
671 2605 703 2666 et
727 2602 914 2680 ἐπιςαίμεία
937 2601 1117 2688 appellatur
1139 2609 1172 2669 et
1195 2607 1344 2677 οίνεπιςοί·

155 2709 282 2787 ίμενσοι
314 2709 433 2773 dicitnr
455 2711 586 2786 civitas,
612 2728 692 2793 quae
715 2708 812 2773 huius
833 2707 999 2774 molestiae
1023 2712 1220 2776 vacationem
1242 2716 1344 2801 impe·

155 2816 255 2881 travit
285 2814 369 2899 apud
402 2813 579 2900 Polybium
601 2812 673 2879 XV.
697 2812 750 2879 24.
776 2810 853 2878 εἶναι
878 2813 1010 2886 Θασίους
1034 2815 1239 2896 ἀφρουρήτους
1264 2822 1344 2904 νίφο-

156 2920 337 3003 ρολογηπους
362 2920 665 3004 ἐνεπιςαίμεύπους,
688 2921 722 2985 id
745 2925 878 2986 estnon
902 2926 1025 2987 coactos
1042 2920 1202 2989 Romanos
1221 2929 1344 2995 milites

155 3027 305 3113 hospitiis
328 3028 482 3111 excipere.
530 3025 616 3092 Hinc
639 3025 732 3092 facile
754 3026 951 3114 intelligitur
974 3047 1070 3112 quam
1090 3028 1197 3096 odioso
1215 3037 1344 3102 nomine

156 3132 303 3197 dicantur
335 3133 488 3208 ἐπίσκηνοι
522 3135 590 3199 εἰσιν
622 3133 805 3212 ἐπίςαίμοι,
839 3134 894 3217 qui
916 3133 994 3198 urbe
1017 3132 1121 3199 Roma
1143 3156 1206 3201 non
1230 3139 1343 3228 domo,

156 3239 210 3305 sed
234 3238 360 3323 hospite
383 3243 566 3323 uterentur,
590 3240 730 3326 hospites
753 3241 787 3303 in
806 3239 883 3304 urbe
904 3243 938 3303 et
955 3238 1084 3304 molesti
1102 3240 1259 3327 hospites,
1279 3267 1343 3312 non

156 3346 251 3411 oives.
299 3344 420 3410 Eodem
453 3365 546 3410 sensu
575 3348 705 3431 ponitur
727 3344 887 3419 ἐπίσκηνος
910 3363 984 3431 pag.
1010 3342 1109 3411 1160.
1136 3347 1150 3410 ί
1177 3348 1341 3428 ἐπίκλητος

156 3452 254 3518 οὑτοσί
278 3451 330 3517 καί
355 3450 513 3525 ἐπίσκηνος
538 3447 643 3531 ὄχλος.

201 3662 281 3751 Peg.
318 3660 414 3726 1894.
445 3661 537 3726 εἰπὼν
567 3662 606 3732 ὥς
635 3661 805 3734 διπλασίως
836 3660 875 3726 ἃν
905 3661 1095 3734 ΑΙΔΕΕίείν
1131 3669 1237 3731 ταῦτα
1269 3670 1343 3753 ὑπὲρ

157 3773 252 3836 αὐτοῦ
285 3772 446 3838 ποιοῦντας
471 3766 586 3849 ἐπέρους
610 3768 680 3848 ἐρῶν
703 3759 725 3833 ἐι
748 3767 821 3845 μηδ’
846 3769 939 3839 αὐτὸς
964 3769 1037 3850 ὑπὲρ
1060 3771 1170 3835 ἐανποῢ
1194 3774 1343 3855 πράσσειν

156 3874 312 3957 πρέποντα
335 3878 472 3951 ἡγεῖται.
518 3873 657 3940 Nullum
676 3873 730 3939 hic
752 3874 861 3939 locum
881 3874 979 3940 habet
1001 3874 1091 3948 αἰδώς
1115 3881 1147 3942 et
1170 3877 1339 3968 elicietur,

156 3983 211 4048 sed
228 3981 347 4047 clamat
365 3982 521 4045 sententia
538 3983 576 4053 ὡς
599 3980 769 4055 διπλασίως
789 3979 828 4044 aiv
848 3981 1046 4057 ἈΧΘεσίιίη
1065 3985 1174 4069 reponi
1189 3993 1342 4070 oportere.

201 4192 281 4279 Pag.
315 4189 413 4257 1901.
446 4190 601 4272 ἠνείχοντο
624 4197 683 4270 γῆς
706 4215 742 4256 σε
766 4193 870 4262 αὐτοῖς
895 4193 1146 4269 ἘΚτεμνομένης
1170 4193 1222 4259 καί
1247 4196 1342 4263 οἰκιῶν

158 4296 435 4378 ἐμπιμπραμένων.
481 4297 669 4364 Ridiculum
699 4298 833 4365 verbum
859 4300 965 4365 estin
988 4298 1231 4384 depopulatione
1254 4323 1346 4392 agro.

156 4427 231 4472 rum
260 4403 426 4485 ἐκτέμνειν.
473 4403 516 4469 Et
545 4407 662 4472 caeteri
693 4425 804 4471 omnes
832 4409 864 4469 et
894 4404 1067 4491 Dionysius
1099 4409 1278 4474 constanter
1306 4432 1344 4478 eo
