3076 5004
816 262 858 330 32

241 456 326 538 παρόν
356 460 410 542 τὸν
438 455 520 527 ἐντός
552 454 677 539 τείχους
709 452 937 538 ἐξεταζόμενος.
974 456 1030 521 ubi
1059 457 1094 519 in
1123 454 1216 521 libris
1248 459 1296 519 est
1318 452 1434 537 χρνςός

240 586 309 633 srne
331 587 435 631 sensu.

285 776 366 862 Pag.
399 773 474 840 145.
503 768 575 862 lege
598 778 636 847 ὡς
662 776 715 838 οὐκ
741 768 778 838 όον
802 771 836 847 ἐξ
861 773 970 853 ἐφόδου
995 774 1105 843 αὐτοὺς
1131 771 1176 836 ἔτι
1199 783 1434 851 χειρωσλμενος

240 902 296 967 pro
326 879 564 961 χειρωσόμενος,
599 886 631 946 et
662 901 808 967 expungo
838 879 874 943 τό
896 882 930 944 in
954 881 1059 945 verbis
1087 880 1148 967 [τὸ]
1173 886 1286 960 πρῶτον
1310 881 1433 943 οίναλα-

205 1007 207 1011 ·
240 988 309 1068 βεῖν
333 987 406 1072 ᾤετο
430 988 491 1052 δεῖν
514 989 569 1063 τὴν
592 986 721 1064 δύναμιν
745 988 779 1050 ἐκ
803 991 856 1050 τοῦ
882 984 1029 1067 παρόντος
1054 985 1158 1051 κόπου.

285 1199 365 1286 Pag.
400 1196 475 1263 146.
508 1196 639 1277 Quaerit
661 1197 795 1261 Latinus
820 1218 859 1262 ex
882 1197 989 1261 Aenea
1013 1196 1045 1260 τί
1067 1194 1253 1273 βουλόμενος
1279 1195 1352 1275 oya
1377 1197 1431 1260 καί

240 1305 326 1388 Φέρει
358 1305 401 1370 τόν
432 1303 768 1385 χοιρία-παρασχόν
803 1303 867 1389 [dr]
902 1305 986 1383 αὐτῷ
1015 1303 1219 1381 πῖον-πρὸς
1243 1305 1355 1383 φιλίαν
1378 1303 1432 1367 καὶ

239 1415 312 1494 παρ’
345 1411 471 1478 ἑκόντων
501 1410 710 1487 οὑρίοιιεοίαις
744 1408 872 1475 Soloece
900 1410 1049 1497 adhaeret
1073 1394 1241 1495 participio
1266 1409 1433 1488 παρασχόν

238 1518 352 1586 vocula
370 1517 419 1582 νίν.
454 1516 672 1582 Herodoteum
691 1520 721 1580 et
741 1515 985 1601 Thucydideum
1007 1517 1142 1597 παρέχον
1163 1521 1195 1581 et
1212 1511 1245 1580 εὖ
1261 1516 1431 1597 παρασχόν

239 1626 352 1692 lubens
375 1625 549 1712 Dionysius
572 1625 730 1687 imitatur.

285 1838 420 1902 Latinus
453 1835 492 1900 ad
523 1836 664 1899 Aeneam
694 1854 768 1920 pag.
797 1831 871 1897 148.
896 1835 943 1898 ita
967 1833 1063 1898 dicit:
1088 1835 1163 1896 ἀλλ’
1187 1831 1289 1911 saepe
1313 1831 1432 1898 εὕνοιοίν

241 1969 275 2008 τε
314 1944 385 2022 πρός
420 1940 507 2007 α’παν
542 1942 576 2005 τό
612 1940 790 2014 Ἑλληνικόν
826 1939 913 2017 γένος
951 1937 1013 2019 ἔχω
1050 1941 1263 2025 (obliviscitur
1294 1962 1326 2006 se
1355 1962 1431 2005 cum

241 2051 387 2116 Troianis
426 2047 527 2134 loqui)
569 2047 622 2110 καί
665 2053 841 2127 συμφοραῖς
885 2046 1043 2123 οίνόριίπων
1086 2050 1277 2122 ἀναγκαίοις
1323 2048 1430 2111 ποίΝΤ

240 2156 392 2236 όιχόομαι.
445 2154 595 2219 Retracta
625 2174 663 2219 ex
691 2154 770 2240 fuga
800 2155 991 2238 praepositio
1018 2153 1125 2218 locum
1157 2175 1270 2218 sanum
1302 2155 1430 2220 reddet:

241 2262 323 2328 ποίου
363 2259 601 2344 ΩΊΝνίχόομαι.
648 2258 910 2328 Benevolentiarn
942 2280 1033 2327 suam
1064 2265 1096 2328 et
1126 2260 1358 2328 ναόοονίοονόίονα
1392 2263 1432 2329 si-

240 2369 381 2462 gnificat.

286 2583 365 2670 Peg.
392 2580 468 2646 151.
500 2579 590 2645 οίετόν
615 2580 646 2645 δὲ
669 2578 924 2658 προσπετόμενον
947 2580 1150 2662 ἀναρριπίζειν
1174 2591 1212 2662 τῇ
1237 2582 1349 2656 κινήσει
1374 2587 1432 2647 τῶν

243 2689 406 2769 πτερύγων
433 2691 488 2761 τὴν
512 2686 633 2768 φλόγα.
671 2688 815 2752 Emenda
837 2690 966 2754 iubente
989 2690 1036 2753 rei
1058 2693 1172 2752 natura
1195 2687 1431 2768 προοπτόμενον.

241 2796 422 2862 Sexcenties
453 2797 488 2858 in
519 2796 650 2878 antiqua
681 2799 713 2859 et
744 2793 884 2860 obsoleta
915 2795 1018 2860 forma
1041 2796 1150 2859 coristi
1172 2795 1301 2861 πτὲοίαι
1326 2798 1372 2861 sic
1394 2795 1433 2861 li·

241 2905 340 2969 brarii
364 2904 504 2986 peccant.
552 2899 620 2984 Ipsi
644 2908 757 2974 πτῆναι
782 2905 813 2965 et
837 2900 975 2965 πτοίσίαι
1000 2906 1032 2966 et
1055 2902 1245 2975 πετασόῆναι
1269 2903 1431 2979 dicebant,

242 3015 275 3075 et
298 3011 333 3073 in
355 3008 514 3093 praesent-i
536 3002 687 3070 ίπταοόαι
711 3027 767 3091 pro
792 3008 950 3073 πίτεοόοιι.
978 3093 980 3097 ¹
1246 2999 1248 3003 ¹

286 3220 365 3306 Pag.
401 3216 475 3281 154.
509 3217 677 3291 ποιούμενοι
703 3216 734 3281 δὲ
761 3218 810 3279 τὸν
836 3222 932 3281 πλοῦν
958 3221 1043 3295 παρόν
1069 3220 1122 3292 τὴν
1146 3220 1291 3300 Εὐρώπαν
1315 3223 1358 3291 είς
1382 3222 1455 3285 τὸν7

241 3324 378 3392 Μέλανα
400 3324 586 3399 καλούμενον
610 3324 813 3403 ἀφικνοῦνται
838 3324 959 3389 κόλπον.
997 3324 1184 3390 Ridiculum
1209 3333 1257 3392 est
1276 3329 1433 3406 Εὐρώπην.

242 3430 374 3519 Oorrige
406 3431 493 3509 παραὶ
526 3432 581 3503 τὴν
613 3438 813 3494 ΘΡΑΙΚΗΝ.
862 3428 952 3495 Idem
983 3435 1101 3498 vitium
1125 3454 1220 3518 supra
1242 3433 1434 3498 sustulimus

242 3560 317 3626 pag.
347 3536 401 3601 31.

287 3644 325 3709 In
352 3663 417 3728 sqq.
450 3642 480 3705 ἐν
512 3643 589 3721 ννίοιρ
621 3642 678 3706 τινὶ
710 3642 777 3727 (τῆς
816 3643 952 3730 Θρρίκνς)
984 3644 1181 3723 όρμισοίμενοι
1213 3667 1276 3710 non
1306 3651 1433 3711 tontum

242 3753 356 3816 vitiose
388 3749 528 3815 abundat
559 3757 612 3821 τῆς
644 3749 767 3832 Θρρίκνς
791 3755 862 3834 post
890 3755 1072 3817 restitutam
1096 3752 1204 3837 paullo
1228 3758 1300 3817 ante
1323 3773 1434 3817 veram

240 3857 411 3922 lectionem
443 3855 529 3934 παρόι
562 3856 616 3927 τὴν
651 3856 792 3939 Θρρίανν,
826 3857 879 3922 sed
910 3860 1116 3922 vehementer
1148 3859 1259 3924 dubito
1284 3880 1324 3923 au
1347 3867 1435 3932 νῆσος

242 3970 297 4036 τῆς
325 3961 447 4046 Θρρίιινς
471 3966 555 4045 recte
579 3961 703 4058 dicatur
725 3963 829 4028 insula
854 3965 999 4029 Τόναοόοο
1022 3966 1172 4029 adiacens.

288 4173 368 4260 Pog.
406 4168 480 4234 159.
511 4170 605 4240 Ἴλιος
642 4173 698 4249 μὲν
734 4172 797 4253 γὰρ
834 4173 895 4250 ὅλοι
931 4183 1133 4247 τελευτῶντος
1166 4176 1219 4250 ἤδη
1251 4179 1304 4239 τοῦ
1337 4177 1434 4254 όίρους

245 4280 458 4345 ἑπτακαίδεκα
494 4277 632 4359 πρότερον
659 4278 784 4358 ἡμέραις
811 4289 865 4355 τῆς
890 4282 1001 4361 όερινῆς
1027 4290 1139 4360 τροπῆς
1165 4267 1434 4363 όγδόρφόίνοντος

246 4387 338 4464 μιρνός
370 4391 582 4464 Θαργηλιῶνος
597 4425 649 4453 -.
676 4386 817 4466 περιτταὶ
846 4387 877 4453 δὲ
903 4383 980 4462 ἦσαν
1004 4388 1037 4454 αί
1060 4391 1111 4454 τὸν
1137 4388 1272 4453 ἐνιαυτὸν
1296 4390 1434 4476 [ἐκεῖνον]
