<?xml version="1.0" encoding="UTF-8"?>
<!DOCTYPE html PUBLIC "-//W3C//DTD XHTML 1.0 Transitional//EN"
    "http://www.w3.org/TR/xhtml1/DTD/xhtml1-transitional.dtd">
<html xmlns="http://www.w3.org/1999/xhtml" xml:lang="en" lang="en">
 <head>
  <title>
</title>
<meta http-equiv="Content-Type" content="text/html;charset=utf-8" />
  <meta name='ocr-system' content='tesseract 3.04.00' />
  <meta name='ocr-capabilities' content='ocr_page ocr_carea ocr_par ocr_line ocrx_word'/>
</head>
<body>
  <div class='ocr_page' id='page_1' title='image "./observationescr00cobegoog_0162.png"; bbox 0 0 3076 5004; ppageno 0'>
   <div class='ocr_carea' id='block_1_1' title="bbox 803 251 867 319">
    <p class='ocr_par' dir='ltr' id='par_1_1' title="bbox 803 251 867 319">
     <span class='ocr_line' id='line_1_1' title="bbox 803 251 867 319; baseline -0.047 1"><span class='ocrx_word' id='word_1_1' title='bbox 803 251 867 319; x_wconf 75' lang='lat' dir='ltr'>rad</span> 
     </span>
    </p>
   </div>
   <div class='ocr_carea' id='block_1_2' title="bbox 237 439 1435 3378">
    <p class='ocr_par' dir='ltr' id='par_1_2' title="bbox 237 439 1435 3378">
     <span class='ocr_line' id='line_1_2' title="bbox 237 439 1433 526; baseline -0.007 -12"><span class='ocrx_word' id='word_1_2' title='bbox 237 444 343 514; x_wconf 86' lang='lat' dir='ltr'>millia</span> <span class='ocrx_word' id='word_1_3' title='bbox 366 442 558 510; x_wconf 69' lang='lat' dir='ltr'><strong>talentorum</strong></span> <span class='ocrx_word' id='word_1_4' title='bbox 581 439 715 526; x_wconf 81' lang='lat' dir='ltr'>praedes</span> <span class='ocrx_word' id='word_1_5' title='bbox 737 441 822 507; x_wconf 83' lang='lat' dir='ltr'>lacta</span> <span class='ocrx_word' id='word_1_6' title='bbox 846 447 976 511; x_wconf 88' lang='lat' dir='ltr'>suntet</span> <span class='ocrx_word' id='word_1_7' title='bbox 999 441 1133 515; x_wconf 80' lang='lat' dir='ltr'>decuma</span> <span class='ocrx_word' id='word_1_8' title='bbox 1156 440 1228 513; x_wconf 79' lang='lat' dir='ltr'>Iovi</span> <span class='ocrx_word' id='word_1_9' title='bbox 1250 445 1433 511; x_wconf 81' lang='lat' dir='ltr'>consecrata</span> 
     </span>
     <span class='ocr_line' id='line_1_3' title="bbox 238 547 1432 638; baseline -0.005 -20"><span class='ocrx_word' id='word_1_10' title='bbox 238 551 398 618; x_wconf 77' lang='lat' dir='ltr'>militibus</span> <span class='ocrx_word' id='word_1_11' title='bbox 428 552 552 618; x_wconf 84' lang='lat' dir='ltr'>viritim</span> <span class='ocrx_word' id='word_1_12' title='bbox 585 549 704 623; x_wconf 83' lang='lat' dir='ltr'>divisa;</span> <span class='ocrx_word' id='word_1_13' title='bbox 738 550 822 615; x_wconf 91' lang='lat' dir='ltr'>uude</span> <span class='ocrx_word' id='word_1_14' title='bbox 845 550 978 638; x_wconf 81' lang='lat' dir='ltr'>colliges</span> <span class='ocrx_word' id='word_1_15' title='bbox 1001 547 1074 634; x_wconf 88' lang='lat' dir='ltr'>plus</span> <span class='ocrx_word' id='word_1_16' title='bbox 1098 568 1194 633; x_wconf 86' lang='lat' dir='ltr'>quum</span> <span class='ocrx_word' id='word_1_17' title='bbox 1218 549 1432 635; x_wconf 81' lang='lat' dir='ltr'>quadraginta</span> 
     </span>
     <span class='ocr_line' id='line_1_4' title="bbox 237 651 1432 742; baseline 0.001 -18"><span class='ocrx_word' id='word_1_18' title='bbox 237 657 344 724; x_wconf 83' lang='lat' dir='ltr'>millia</span> <span class='ocrx_word' id='word_1_19' title='bbox 367 667 563 724; x_wconf 85' lang='lat' dir='ltr'>armatorum</span> <span class='ocrx_word' id='word_1_20' title='bbox 587 659 621 719; x_wconf 90' lang='lat' dir='ltr'>in</span> <span class='ocrx_word' id='word_1_21' title='bbox 644 676 680 725; x_wconf 83' lang='lat' dir='ltr'>ea</span> <span class='ocrx_word' id='word_1_22' title='bbox 704 657 902 740; x_wconf 79' lang='lat' dir='ltr'>expeditione</span> <span class='ocrx_word' id='word_1_23' title='bbox 926 656 1031 720; x_wconf 85' lang='lat' dir='ltr'>fuisse</span> <span class='ocrx_word' id='word_1_24' title='bbox 1081 651 1214 742; x_wconf 81' lang='lat' dir='ltr'>Nugeel</span> <span class='ocrx_word' id='word_1_25' title='bbox 1253 653 1348 739; x_wconf 83' lang='lat' dir='ltr'>Apud</span> <span class='ocrx_word' id='word_1_26' title='bbox 1372 654 1432 725; x_wconf 79' lang='lat' dir='ltr'>Fu-</span> 
     </span>
     <span class='ocr_line' id='line_1_5' title="bbox 238 761 1432 842; baseline -0.006 -13"><span class='ocrx_word' id='word_1_27' title='bbox 238 763 328 829; x_wconf 89' lang='lat' dir='ltr'>bium</span> <span class='ocrx_word' id='word_1_28' title='bbox 353 763 518 829; x_wconf 79' lang='lat' dir='ltr'>contrari</span> <span class='ocrx_word' id='word_1_29' title='bbox 552 769 613 833; x_wconf 75' lang='grc' dir='ltr'><em>τοῖς</em></span> <span class='ocrx_word' id='word_1_30' title='bbox 645 762 717 834; x_wconf 77' lang='grc' dir='ltr'><em>θεοῖς</em></span> <span class='ocrx_word' id='word_1_31' title='bbox 751 761 994 829; x_wconf 74' lang='grc' dir='ltr'><em>δεκατευθὲν</em></span> <span class='ocrx_word' id='word_1_32' title='bbox 1017 763 1156 842; x_wconf 59' lang='lat' dir='ltr'>spelpes</span> <span class='ocrx_word' id='word_1_33' title='bbox 1180 762 1300 827; x_wconf 89' lang='lat' dir='ltr'>dicitur</span> <span class='ocrx_word' id='word_1_34' title='bbox 1321 782 1432 838; x_wconf 83' lang='grc' dir='ltr'><em>τετρα-</em></span> 
     </span>
     <span class='ocr_line' id='line_1_6' title="bbox 240 866 1433 955; baseline -0.002 -23"><span class='ocrx_word' id='word_1_35' title='bbox 240 873 344 934; x_wconf 81' lang='grc' dir='ltr'><em>κοσίων</em></span> <span class='ocrx_word' id='word_1_36' title='bbox 366 872 399 934; x_wconf 81' lang='grc' dir='ltr'>οὐ</span> <span class='ocrx_word' id='word_1_37' title='bbox 423 878 508 945; x_wconf 80' lang='grc' dir='ltr'><em>μεῖον</em></span> <span class='ocrx_word' id='word_1_38' title='bbox 533 870 674 946; x_wconf 69' lang='grc' dir='ltr'><em>γενέσθαι</em></span> <span class='ocrx_word' id='word_1_39' title='bbox 706 867 887 955; x_wconf 79' lang='grc' dir='ltr'><em>ταλοθντων,</em></span> <span class='ocrx_word' id='word_1_40' title='bbox 918 871 1021 944; x_wconf 75' lang='grc' dir='ltr'><strong>1101ιὴ</strong></span> <span class='ocrx_word' id='word_1_41' title='bbox 1046 878 1108 939; x_wconf 76' lang='grc' dir='ltr'><em>τοῖς</em></span> <span class='ocrx_word' id='word_1_42' title='bbox 1133 870 1207 938; x_wconf 79' lang='grc' dir='ltr'><em>θεοῖς</em></span> <span class='ocrx_word' id='word_1_43' title='bbox 1241 866 1433 945; x_wconf 72' lang='grc' dir='ltr'>ἐξαιρεθεῖσαν</span> 
     </span>
     <span class='ocr_line' id='line_1_7' title="bbox 240 973 1434 1062; baseline -0.003 -21"><span class='ocrx_word' id='word_1_44' title='bbox 240 975 366 1050; x_wconf 77' lang='grc' dir='ltr'><em>δεαοθτν.</em></span> <span class='ocrx_word' id='word_1_45' title='bbox 412 974 524 1059; x_wconf 88' lang='lat' dir='ltr'>Itaque</span> <span class='ocrx_word' id='word_1_46' title='bbox 556 994 657 1060; x_wconf 91' lang='lat' dir='ltr'>quum</span> <span class='ocrx_word' id='word_1_47' title='bbox 690 975 922 1062; x_wconf 81' lang='lat' dir='ltr'>quadringenta</span> <span class='ocrx_word' id='word_1_48' title='bbox 949 995 1012 1040; x_wconf 89' lang='lat' dir='ltr'>non</span> <span class='ocrx_word' id='word_1_49' title='bbox 1047 977 1155 1039; x_wconf 85' lang='lat' dir='ltr'>minus</span> <span class='ocrx_word' id='word_1_50' title='bbox 1185 973 1305 1039; x_wconf 79' lang='lat' dir='ltr'>talenta</span> <span class='ocrx_word' id='word_1_51' title='bbox 1338 976 1434 1056; x_wconf 86' lang='lat' dir='ltr'>capta</span> 
     </span>
     <span class='ocr_line' id='line_1_8' title="bbox 239 1077 1434 1166; baseline -0.003 -19"><span class='ocrx_word' id='word_1_52' title='bbox 239 1089 342 1147; x_wconf 86' lang='lat' dir='ltr'>essent</span> <span class='ocrx_word' id='word_1_53' title='bbox 366 1084 404 1148; x_wconf 88' lang='lat' dir='ltr'>de</span> <span class='ocrx_word' id='word_1_54' title='bbox 435 1101 523 1146; x_wconf 89' lang='lat' dir='ltr'>more</span> <span class='ocrx_word' id='word_1_55' title='bbox 554 1081 678 1146; x_wconf 86' lang='lat' dir='ltr'>decima</span> <span class='ocrx_word' id='word_1_56' title='bbox 709 1103 782 1166; x_wconf 89' lang='lat' dir='ltr'>pars</span> <span class='ocrx_word' id='word_1_57' title='bbox 811 1083 943 1166; x_wconf 80' lang='lat' dir='ltr'>praedae</span> <span class='ocrx_word' id='word_1_58' title='bbox 966 1081 1087 1149; x_wconf 87' lang='lat' dir='ltr'>talenta</span> <span class='ocrx_word' id='word_1_59' title='bbox 1110 1096 1338 1156; x_wconf 74' lang='lat' dir='ltr'>obtundamus</span> <span class='ocrx_word' id='word_1_60' title='bbox 1360 1077 1434 1144; x_wconf 86' lang='lat' dir='ltr'>Iovi</span> 
     </span>
     <span class='ocr_line' id='line_1_9' title="bbox 240 1187 1435 1274; baseline -0.005 -20"><span class='ocrx_word' id='word_1_61' title='bbox 240 1197 418 1254; x_wconf 87' lang='lat' dir='ltr'>consecrata</span> <span class='ocrx_word' id='word_1_62' title='bbox 440 1191 495 1252; x_wconf 85' lang='lat' dir='ltr'>vix</span> <span class='ocrx_word' id='word_1_63' title='bbox 526 1190 559 1251; x_wconf 91' lang='lat' dir='ltr'>in</span> <span class='ocrx_word' id='word_1_64' title='bbox 584 1188 791 1254; x_wconf 86' lang='lat' dir='ltr'>fundamenta</span> <span class='ocrx_word' id='word_1_65' title='bbox 820 1190 1111 1274; x_wconf 80' lang='lat' dir='ltr'>suppeditaverunt.</span> <span class='ocrx_word' id='word_1_66' title='bbox 1159 1187 1245 1251; x_wconf 85' lang='lat' dir='ltr'>Fieri</span> <span class='ocrx_word' id='word_1_67' title='bbox 1268 1191 1372 1270; x_wconf 87' lang='lat' dir='ltr'>potest</span> <span class='ocrx_word' id='word_1_68' title='bbox 1393 1188 1435 1249; x_wconf 88' lang='lat' dir='ltr'>ut</span> 
     </span>
     <span class='ocr_line' id='line_1_10' title="bbox 239 1289 1432 1378; baseline -0.001 -20"><span class='ocrx_word' id='word_1_69' title='bbox 239 1315 300 1360; x_wconf 92' lang='lat' dir='ltr'>non</span> <span class='ocrx_word' id='word_1_70' title='bbox 325 1297 367 1360; x_wconf 84' lang='lat' dir='ltr'>sit</span> <span class='ocrx_word' id='word_1_71' title='bbox 391 1315 502 1359; x_wconf 85' lang='lat' dir='ltr'>verum</span> <span class='ocrx_word' id='word_1_72' title='bbox 525 1300 570 1376; x_wconf 87' lang='lat' dir='ltr'>(et</span> <span class='ocrx_word' id='word_1_73' title='bbox 590 1293 817 1361; x_wconf 89' lang='lat' dir='ltr'>difficillimum</span> <span class='ocrx_word' id='word_1_74' title='bbox 838 1303 886 1361; x_wconf 88' lang='lat' dir='ltr'>est</span> <span class='ocrx_word' id='word_1_75' title='bbox 910 1295 986 1360; x_wconf 85' lang='lat' dir='ltr'>haec</span> <span class='ocrx_word' id='word_1_76' title='bbox 1006 1297 1113 1361; x_wconf 87' lang='lat' dir='ltr'>omnio</span> <span class='ocrx_word' id='word_1_77' title='bbox 1133 1313 1191 1378; x_wconf 89' lang='lat' dir='ltr'>pro</span> <span class='ocrx_word' id='word_1_78' title='bbox 1209 1294 1293 1358; x_wconf 84' lang='lat' dir='ltr'>veria</span> <span class='ocrx_word' id='word_1_79' title='bbox 1311 1289 1432 1378; x_wconf 81' lang='lat' dir='ltr'>legere)</span> 
     </span>
     <span class='ocr_line' id='line_1_11' title="bbox 239 1393 1433 1484; baseline -0.005 -19"><span class='ocrx_word' id='word_1_80' title='bbox 239 1401 379 1466; x_wconf 87' lang='lat' dir='ltr'>sednon</span> <span class='ocrx_word' id='word_1_81' title='bbox 403 1407 450 1466; x_wconf 85' lang='lat' dir='ltr'>est</span> <span class='ocrx_word' id='word_1_82' title='bbox 472 1399 657 1464; x_wconf 85' lang='lat' dir='ltr'>incredibile</span> <span class='ocrx_word' id='word_1_83' title='bbox 687 1421 788 1484; x_wconf 87' lang='lat' dir='ltr'>neque</span> <span class='ocrx_word' id='word_1_84' title='bbox 819 1401 1004 1469; x_wconf 87' lang='lat' dir='ltr'>absurdum.</span> <span class='ocrx_word' id='word_1_85' title='bbox 1053 1398 1116 1469; x_wconf 78' lang='lat' dir='ltr'>Sed</span> <span class='ocrx_word' id='word_1_86' title='bbox 1138 1401 1210 1484; x_wconf 88' lang='lat' dir='ltr'>quis</span> <span class='ocrx_word' id='word_1_87' title='bbox 1234 1398 1340 1464; x_wconf 87' lang='lat' dir='ltr'>credat</span> <span class='ocrx_word' id='word_1_88' title='bbox 1364 1393 1433 1460; x_wconf 76' lang='lat'>360</span> 
     </span>
     <span class='ocr_line' id='line_1_12' title="bbox 241 1501 1434 1585; baseline -0.004 -15"><span class='ocrx_word' id='word_1_89' title='bbox 241 1505 360 1572; x_wconf 87' lang='lat' dir='ltr'>talenta</span> <span class='ocrx_word' id='word_1_90' title='bbox 390 1508 514 1581; x_wconf 82' lang='lat' dir='ltr'>uiritim</span> <span class='ocrx_word' id='word_1_91' title='bbox 545 1504 706 1570; x_wconf 76' lang='lat' dir='ltr'>militibus</span> <span class='ocrx_word' id='word_1_92' title='bbox 740 1527 806 1572; x_wconf 87' lang='lat' dir='ltr'>esse</span> <span class='ocrx_word' id='word_1_93' title='bbox 837 1507 940 1574; x_wconf 85' lang='lat' dir='ltr'>divisa</span> <span class='ocrx_word' id='word_1_94' title='bbox 962 1505 1101 1580; x_wconf 75' lang='grc' dir='ltr'><em>θεετῶν</em></span> <span class='ocrx_word' id='word_1_95' title='bbox 1126 1511 1298 1585; x_wconf 76' lang='grc' dir='ltr'><em>ερατιωτῶν</em></span> <span class='ocrx_word' id='word_1_96' title='bbox 1320 1501 1434 1572; x_wconf 78' lang='grc' dir='ltr'><em>ἕκατον</em></span> 
     </span>
     <span class='ocr_line' id='line_1_13' title="bbox 241 1609 1435 1690; baseline -0.002 -13"><span class='ocrx_word' id='word_1_97' title='bbox 241 1613 333 1679; x_wconf 80' lang='grc' dir='ltr'><em>πέντε</em></span> <span class='ocrx_word' id='word_1_98' title='bbox 356 1616 436 1686; x_wconf 76' lang='grc' dir='ltr'>μνοῖς</span> <span class='ocrx_word' id='word_1_99' title='bbox 462 1612 603 1690; x_wconf 68' lang='grc' dir='ltr'><em>ἀργυρίου</em></span> <span class='ocrx_word' id='word_1_100' title='bbox 627 1609 763 1686; x_wconf 56' lang='lat' dir='ltr'>aedeis?</span> <span class='ocrx_word' id='word_1_101' title='bbox 797 1612 889 1677; x_wconf 84' lang='lat' dir='ltr'>Idem</span> <span class='ocrx_word' id='word_1_102' title='bbox 912 1613 1036 1679; x_wconf 80' lang='lat' dir='ltr'>inducit</span> <span class='ocrx_word' id='word_1_103' title='bbox 1053 1612 1190 1679; x_wconf 83' lang='lat' dir='ltr'>Brutum</span> <span class='ocrx_word' id='word_1_104' title='bbox 1209 1611 1260 1677; x_wconf 79' lang='grc' dir='ltr'>σὸν</span> <span class='ocrx_word' id='word_1_105' title='bbox 1283 1610 1435 1688; x_wconf 71' lang='grc' dir='ltr'><em>δημαγω-</em></span> 
     </span>
     <span class='ocr_line' id='line_1_14' title="bbox 240 1713 1435 1805; baseline 0.001 -23"><span class='ocrx_word' id='word_1_106' title='bbox 240 1721 294 1797; x_wconf 76' lang='grc' dir='ltr'>γὸν</span> <span class='ocrx_word' id='word_1_107' title='bbox 318 1729 499 1782; x_wconf 86' lang='lat' dir='ltr'>narrantem</span> <span class='ocrx_word' id='word_1_108' title='bbox 530 1737 603 1802; x_wconf 80' lang='lat' dir='ltr'>pag.</span> <span class='ocrx_word' id='word_1_109' title='bbox 637 1713 733 1783; x_wconf 76' lang='lat'>1208.</span> <span class='ocrx_word' id='word_1_110' title='bbox 763 1717 859 1798; x_wconf 75' lang='grc' dir='ltr'><em>Ιθοροο</em></span> <span class='ocrx_word' id='word_1_111' title='bbox 892 1720 1021 1805; x_wconf 79' lang='lat' dir='ltr'>(inquit)</span> <span class='ocrx_word' id='word_1_112' title='bbox 1054 1725 1140 1802; x_wconf 82' lang='grc' dir='ltr'><em>οιορθο</em></span> <span class='ocrx_word' id='word_1_113' title='bbox 1171 1718 1276 1782; x_wconf 80' lang='lat' dir='ltr'>Sueten</span> <span class='ocrx_word' id='word_1_114' title='bbox 1298 1715 1435 1783; x_wconf 76' lang='lat' dir='ltr'>Pometia</span> 
     </span>
     <span class='ocr_line' id='line_1_15' title="bbox 239 1819 1433 1905; baseline -0.003 -17"><span class='ocrx_word' id='word_1_115' title='bbox 239 1826 381 1905; x_wconf 75' lang='grc' dir='ltr'><em>φέροντες</em></span> <span class='ocrx_word' id='word_1_116' title='bbox 405 1825 447 1893; x_wconf 75' lang='grc' dir='ltr'><em>εἰς</em></span> <span class='ocrx_word' id='word_1_117' title='bbox 472 1823 564 1899; x_wconf 84' lang='grc' dir='ltr'><em>μέσον</em></span> <span class='ocrx_word' id='word_1_118' title='bbox 598 1819 707 1896; x_wconf 82' lang='grc' dir='ltr'><em>έθιρναν</em></span> <span class='ocrx_word' id='word_1_119' title='bbox 731 1819 832 1888; x_wconf 73' lang='grc' dir='ltr'><em>ἅπασι</em></span> <span class='ocrx_word' id='word_1_120' title='bbox 858 1825 911 1898; x_wconf 67' lang='grc' dir='ltr'><em>τὴν</em></span> <span class='ocrx_word' id='word_1_121' title='bbox 937 1825 1108 1903; x_wconf 68' lang='grc' dir='ltr'><em>ὠφέλειαν,</em></span> <span class='ocrx_word' id='word_1_122' title='bbox 1133 1821 1203 1888; x_wconf 73' lang='grc' dir='ltr'><em>ὅσθ’</em></span> <span class='ocrx_word' id='word_1_123' title='bbox 1229 1824 1313 1900; x_wconf 71' lang='grc' dir='ltr'><em>ἡμεῖς</em></span> <span class='ocrx_word' id='word_1_124' title='bbox 1337 1823 1433 1903; x_wconf 79' lang='grc' dir='ltr'><em>χοιρίς</em></span> 
     </span>
     <span class='ocr_line' id='line_1_16' title="bbox 239 1927 1434 2014; baseline -0.002 -20"><span class='ocrx_word' id='word_1_125' title='bbox 239 1931 431 2010; x_wconf 66' lang='grc' dir='ltr'><em>ἀνδραπόδων</em></span> <span class='ocrx_word' id='word_1_126' title='bbox 455 1930 507 1994; x_wconf 74' lang='grc' dir='ltr'>καὶ</span> <span class='ocrx_word' id='word_1_127' title='bbox 531 1927 740 2006; x_wconf 68' lang='grc' dir='ltr'><em>βοσκημάτων</em></span> <span class='ocrx_word' id='word_1_128' title='bbox 766 1930 896 2014; x_wconf 77' lang='grc' dir='ltr'><em>καὶτῆς</em></span> <span class='ocrx_word' id='word_1_129' title='bbox 921 1928 1020 2004; x_wconf 72' lang='grc' dir='ltr'><em>ἄλλοις</em></span> <span class='ocrx_word' id='word_1_130' title='bbox 1043 1932 1177 2005; x_wconf 69' lang='grc' dir='ltr'><em>κτήσεως</em></span> <span class='ocrx_word' id='word_1_131' title='bbox 1203 1927 1434 2003; x_wconf 67' lang='lat' dir='ltr'>connectione</span> 
     </span>
     <span class='ocr_line' id='line_1_17' title="bbox 240 2032 1434 2112; baseline 0 -12"><span class='ocrx_word' id='word_1_132' title='bbox 240 2036 292 2100; x_wconf 77' lang='grc' dir='ltr'>καὶ</span> <span class='ocrx_word' id='word_1_133' title='bbox 313 2042 410 2107; x_wconf 75' lang='grc' dir='ltr'><em>καλῆς</em></span> <span class='ocrx_word' id='word_1_134' title='bbox 433 2035 576 2112; x_wconf 72' lang='grc' dir='ltr'><em>οὶρνιιρίον</em></span> <span class='ocrx_word' id='word_1_135' title='bbox 596 2036 712 2099; x_wconf 80' lang='grc' dir='ltr'><em>πέντε</em></span> <span class='ocrx_word' id='word_1_136' title='bbox 733 2040 834 2112; x_wconf 81' lang='grc' dir='ltr'><em>μνῖις</em></span> <span class='ocrx_word' id='word_1_137' title='bbox 856 2041 928 2100; x_wconf 80' lang='grc' dir='ltr'><em>κατ’</em></span> <span class='ocrx_word' id='word_1_138' title='bbox 949 2034 1044 2112; x_wconf 74' lang='grc' dir='ltr'><em>ἄνδρα</em></span> <span class='ocrx_word' id='word_1_139' title='bbox 1061 2035 1287 2112; x_wconf 78' lang='grc' dir='ltr'><em>διανείμασθαι.</em></span> <span class='ocrx_word' id='word_1_140' title='bbox 1310 2032 1434 2100; x_wconf 82' lang='lat' dir='ltr'>Verum</span> 
     </span>
     <span class='ocr_line' id='line_1_18' title="bbox 241 2139 1435 2226; baseline -0.001 -19"><span class='ocrx_word' id='word_1_141' title='bbox 241 2149 324 2219; x_wconf 79' lang='lat' dir='ltr'>est03</span> <span class='ocrx_word' id='word_1_142' title='bbox 351 2141 389 2206; x_wconf 95' lang='lat' dir='ltr'>de</span> <span class='ocrx_word' id='word_1_143' title='bbox 412 2139 527 2205; x_wconf 80' lang='lat' dir='ltr'>Suessa</span> <span class='ocrx_word' id='word_1_144' title='bbox 557 2139 705 2206; x_wconf 81' lang='lat' dir='ltr'>Pometia</span> <span class='ocrx_word' id='word_1_145' title='bbox 729 2142 858 2226; x_wconf 88' lang='lat' dir='ltr'>quidem</span> <span class='ocrx_word' id='word_1_146' title='bbox 890 2149 997 2208; x_wconf 85' lang='lat' dir='ltr'>actum</span> <span class='ocrx_word' id='word_1_147' title='bbox 1022 2148 1079 2208; x_wconf 88' lang='lat' dir='ltr'>est.</span> <span class='ocrx_word' id='word_1_148' title='bbox 1126 2142 1207 2207; x_wconf 77' lang='lat' dir='ltr'>nee</span> <span class='ocrx_word' id='word_1_149' title='bbox 1230 2148 1338 2206; x_wconf 88' lang='lat' dir='ltr'>autem</span> <span class='ocrx_word' id='word_1_150' title='bbox 1360 2148 1435 2226; x_wconf 89' lang='lat' dir='ltr'>post</span> 
     </span>
     <span class='ocr_line' id='line_1_19' title="bbox 241 2244 1434 2332; baseline -0.001 -19"><span class='ocrx_word' id='word_1_151' title='bbox 241 2267 337 2314; x_wconf 81' lang='lat' dir='ltr'>annos</span> <span class='ocrx_word' id='word_1_152' title='bbox 358 2245 465 2332; x_wconf 90' lang='lat' dir='ltr'>paullo</span> <span class='ocrx_word' id='word_1_153' title='bbox 485 2246 558 2331; x_wconf 83' lang='lat' dir='ltr'>plus</span> <span class='ocrx_word' id='word_1_154' title='bbox 578 2267 674 2331; x_wconf 89' lang='lat' dir='ltr'>quam</span> <span class='ocrx_word' id='word_1_155' title='bbox 694 2247 784 2312; x_wconf 59' lang='lat' dir='ltr'>XXV</span> <span class='ocrx_word' id='word_1_156' title='bbox 805 2247 924 2314; x_wconf 86' lang='lat' dir='ltr'>Consul</span> <span class='ocrx_word' id='word_1_157' title='bbox 942 2249 978 2314; x_wconf 91' lang='lat' dir='ltr'>P.</span> <span class='ocrx_word' id='word_1_158' title='bbox 1000 2247 1157 2315; x_wconf 83' lang='lat' dir='ltr'>Servilius</span> <span class='ocrx_word' id='word_1_159' title='bbox 1177 2248 1305 2312; x_wconf 87' lang='lat' dir='ltr'>Priscus</span> <span class='ocrx_word' id='word_1_160' title='bbox 1324 2244 1434 2312; x_wconf 82' lang='lat' dir='ltr'>Struc-</span> 
     </span>
     <span class='ocr_line' id='line_1_20' title="bbox 240 2353 1435 2437; baseline -0.002 -18"><span class='ocrx_word' id='word_1_161' title='bbox 240 2359 292 2419; x_wconf 85' lang='lat' dir='ltr'>tus</span> <span class='ocrx_word' id='word_1_162' title='bbox 316 2355 355 2416; x_wconf 83' lang='lat' dir='ltr'>ad</span> <span class='ocrx_word' id='word_1_163' title='bbox 378 2358 509 2417; x_wconf 76' lang='lat' dir='ltr'>Succorum</span> <span class='ocrx_word' id='word_1_164' title='bbox 535 2354 694 2417; x_wconf 79' lang='lat' dir='ltr'>Pometiam</span> <span class='ocrx_word' id='word_1_165' title='bbox 717 2354 882 2436; x_wconf 76' lang='grc' dir='ltr'><em>θορὶοιοοθοιο</em></span> <span class='ocrx_word' id='word_1_166' title='bbox 905 2356 1002 2419; x_wconf 76' lang='lat' dir='ltr'>ductis</span> <span class='ocrx_word' id='word_1_167' title='bbox 1024 2355 1107 2418; x_wconf 81' lang='lat' dir='ltr'>intro</span> <span class='ocrx_word' id='word_1_168' title='bbox 1125 2377 1236 2437; x_wconf 73' lang='lat' dir='ltr'>paucos</span> <span class='ocrx_word' id='word_1_169' title='bbox 1263 2354 1327 2418; x_wconf 79' lang='grc' dir='ltr'><em>ιθίοο</em></span> <span class='ocrx_word' id='word_1_170' title='bbox 1351 2353 1435 2436; x_wconf 79' lang='lat' dir='ltr'>oppi-</span> 
     </span>
     <span class='ocr_line' id='line_1_21' title="bbox 239 2459 1434 2544; baseline 0.002 -20"><span class='ocrx_word' id='word_1_171' title='bbox 239 2462 307 2524; x_wconf 86' lang='lat' dir='ltr'>dum</span> <span class='ocrx_word' id='word_1_172' title='bbox 330 2460 427 2543; x_wconf 82' lang='lat' dir='ltr'>rapit:</span> <span class='ocrx_word' id='word_1_173' title='bbox 450 2467 564 2544; x_wconf 80' lang='lat' dir='ltr'>ceptum</span> <span class='ocrx_word' id='word_1_174' title='bbox 582 2463 716 2544; x_wconf 79' lang='lat' dir='ltr'>praeclue</span> <span class='ocrx_word' id='word_1_175' title='bbox 737 2463 856 2538; x_wconf 75' lang='lat' dir='ltr'>dotent,</span> <span class='ocrx_word' id='word_1_176' title='bbox 881 2469 960 2529; x_wconf 84' lang='lat' dir='ltr'>toste</span> <span class='ocrx_word' id='word_1_177' title='bbox 984 2460 1129 2527; x_wconf 88' lang='lat' dir='ltr'>Livioll.</span> <span class='ocrx_word' id='word_1_178' title='bbox 1154 2460 1209 2526; x_wconf 83' lang='lat'>25.</span> <span class='ocrx_word' id='word_1_179' title='bbox 1242 2459 1328 2525; x_wconf 86' lang='lat' dir='ltr'>Audi</span> <span class='ocrx_word' id='word_1_180' title='bbox 1346 2480 1434 2526; x_wconf 82' lang='lat' dir='ltr'>nunu</span> 
     </span>
     <span class='ocr_line' id='line_1_22' title="bbox 237 2565 1433 2653; baseline -0.002 -21"><span class='ocrx_word' id='word_1_181' title='bbox 237 2566 429 2653; x_wconf 80' lang='lat' dir='ltr'>Dionysium</span> <span class='ocrx_word' id='word_1_182' title='bbox 454 2587 526 2653; x_wconf 80' lang='lat' dir='ltr'>pag.</span> <span class='ocrx_word' id='word_1_183' title='bbox 559 2569 656 2631; x_wconf 82' lang='lat'>1108.</span> <span class='ocrx_word' id='word_1_184' title='bbox 689 2568 702 2630; x_wconf 83' lang='grc' dir='ltr'><em>θ</em></span> <span class='ocrx_word' id='word_1_185' title='bbox 734 2568 903 2644; x_wconf 71' lang='grc' dir='ltr'><em>Σερουΐλιος</em></span> <span class='ocrx_word' id='word_1_186' title='bbox 926 2605 967 2620; x_wconf 89' lang='lat'>-··</span> <span class='ocrx_word' id='word_1_187' title='bbox 989 2567 1161 2646; x_wconf 71' lang='grc' dir='ltr'><em>ἀναλαβὼν</em></span> <span class='ocrx_word' id='word_1_188' title='bbox 1194 2568 1251 2637; x_wconf 73' lang='grc' dir='ltr'><em>τοδε</em></span> <span class='ocrx_word' id='word_1_189' title='bbox 1285 2565 1433 2644; x_wconf 72' lang='grc' dir='ltr'><em>δυνάμεις</em></span> 
     </span>
     <span class='ocr_line' id='line_1_23' title="bbox 239 2665 1435 2753; baseline 0.001 -18"><span class='ocrx_word' id='word_1_190' title='bbox 239 2666 313 2748; x_wconf 75' lang='grc' dir='ltr'><em>ἦγεν</em></span> <span class='ocrx_word' id='word_1_191' title='bbox 339 2673 388 2735; x_wconf 80' lang='grc' dir='ltr'><em>ἐπὶ</em></span> <span class='ocrx_word' id='word_1_192' title='bbox 411 2677 466 2744; x_wconf 75' lang='grc' dir='ltr'><em>τὴν</em></span> <span class='ocrx_word' id='word_1_193' title='bbox 490 2672 665 2752; x_wconf 74' lang='grc' dir='ltr'><em>αγχοτοὶτω</em></span> <span class='ocrx_word' id='word_1_194' title='bbox 692 2679 848 2739; x_wconf 83' lang='grc' dir='ltr'><em>Σούεσσαν</em></span> <span class='ocrx_word' id='word_1_195' title='bbox 873 2676 1083 2750; x_wconf 73' lang='grc' dir='ltr'><em>Πομετιοονθν,</em></span> <span class='ocrx_word' id='word_1_196' title='bbox 1109 2665 1125 2746; x_wconf 73' lang='grc' dir='ltr'>ἣ</span> <span class='ocrx_word' id='word_1_197' title='bbox 1150 2673 1274 2750; x_wconf 71' lang='grc' dir='ltr'><em>μεγέθει</em></span> <span class='ocrx_word' id='word_1_198' title='bbox 1295 2694 1329 2736; x_wconf 88' lang='grc' dir='ltr'>τε</span> <span class='ocrx_word' id='word_1_199' title='bbox 1351 2696 1435 2753; x_wconf 86' lang='grc' dir='ltr'><em>περι-</em></span> 
     </span>
     <span class='ocr_line' id='line_1_24' title="bbox 239 2777 1433 2860; baseline 0.001 -18"><span class='ocrx_word' id='word_1_200' title='bbox 239 2777 335 2856; x_wconf 80' lang='grc' dir='ltr'><em>βόλου</em></span> <span class='ocrx_word' id='word_1_201' title='bbox 368 2777 421 2842; x_wconf 77' lang='grc' dir='ltr'>καὶ</span> <span class='ocrx_word' id='word_1_202' title='bbox 453 2779 600 2850; x_wconf 70' lang='grc' dir='ltr'><em>πλήθεσιν</em></span> <span class='ocrx_word' id='word_1_203' title='bbox 632 2780 788 2859; x_wconf 81' lang='grc' dir='ltr'><em>οῐκντθρων</em></span> <span class='ocrx_word' id='word_1_204' title='bbox 822 2780 866 2846; x_wconf 87' lang='grc' dir='ltr'><em>έτι</em></span> <span class='ocrx_word' id='word_1_205' title='bbox 894 2782 925 2845; x_wconf 77' lang='grc' dir='ltr'>δὲ</span> <span class='ocrx_word' id='word_1_206' title='bbox 950 2777 1020 2860; x_wconf 77' lang='grc' dir='ltr'><em>δόξρ</em></span> <span class='ocrx_word' id='word_1_207' title='bbox 1044 2781 1096 2845; x_wconf 80' lang='grc' dir='ltr'>καὶ</span> <span class='ocrx_word' id='word_1_208' title='bbox 1122 2788 1327 2846; x_wconf 80' lang='grc' dir='ltr'>ΠΛΟΎΤΩΙ</span> <span class='ocrx_word' id='word_1_209' title='bbox 1352 2778 1433 2844; x_wconf 81' lang='grc' dir='ltr'><em>πολὺ</em></span> 
     </span>
     <span class='ocr_line' id='line_1_25' title="bbox 241 2882 1433 2965; baseline 0 -16"><span class='ocrx_word' id='word_1_210' title='bbox 241 2890 299 2949; x_wconf 78' lang='grc' dir='ltr'><em>τῶν</em></span> <span class='ocrx_word' id='word_1_211' title='bbox 330 2885 430 2965; x_wconf 65' lang='grc' dir='ltr'><em>ταύτῃ</em></span> <span class='ocrx_word' id='word_1_212' title='bbox 463 2882 622 2965; x_wconf 78' lang='grc' dir='ltr'><em>ὑπερέχειν</em></span> <span class='ocrx_word' id='word_1_213' title='bbox 654 2885 747 2950; x_wconf 85' lang='grc' dir='ltr'><em>ε’δθκει</em></span> <span class='ocrx_word' id='word_1_214' title='bbox 772 2886 824 2950; x_wconf 76' lang='grc' dir='ltr'>καὶ</span> <span class='ocrx_word' id='word_1_215' title='bbox 860 2882 892 2960; x_wconf 78' lang='grc' dir='ltr'>ἦν</span> <span class='ocrx_word' id='word_1_216' title='bbox 916 2883 1015 2964; x_wconf 74' lang='grc' dir='ltr'><em>ὥσπερ</em></span> <span class='ocrx_word' id='word_1_217' title='bbox 1042 2889 1165 2964; x_wconf 70' lang='grc' dir='ltr'><em>ἡγεμὼν</em></span> <span class='ocrx_word' id='word_1_218' title='bbox 1189 2891 1242 2950; x_wconf 79' lang='grc' dir='ltr'><em>τοῦ</em></span> <span class='ocrx_word' id='word_1_219' title='bbox 1265 2883 1433 2959; x_wconf 80' lang='grc' dir='ltr'><em>ἔθνους.-</em></span> 
     </span>
     <span class='ocr_line' id='line_1_26' title="bbox 242 2987 1434 3074; baseline 0.001 -19"><span class='ocrx_word' id='word_1_220' title='bbox 242 2987 323 3055; x_wconf 79' lang='grc' dir='ltr'><em>εἶλεν</em></span> <span class='ocrx_word' id='word_1_221' title='bbox 353 2991 463 3061; x_wconf 74' lang='grc' dir='ltr'><em>αὐτοὺς</em></span> <span class='ocrx_word' id='word_1_222' title='bbox 499 2989 528 3053; x_wconf 85' lang='grc' dir='ltr'>ἕν</span> <span class='ocrx_word' id='word_1_223' title='bbox 561 2992 593 3053; x_wconf 84' lang='grc' dir='ltr'>οὐ</span> <span class='ocrx_word' id='word_1_224' title='bbox 627 2994 731 3073; x_wconf 75' lang='grc' dir='ltr'><em>πολλῷ</em></span> <span class='ocrx_word' id='word_1_225' title='bbox 763 2993 859 3073; x_wconf 80' lang='grc' dir='ltr'><em>χρόνῳ</em></span> <span class='ocrx_word' id='word_1_226' title='bbox 883 2996 935 3056; x_wconf 77' lang='grc' dir='ltr'>καὶ</span> <span class='ocrx_word' id='word_1_227' title='bbox 960 2995 1029 3063; x_wconf 67' lang='grc' dir='ltr'><em>τοὺς</em></span> <span class='ocrx_word' id='word_1_228' title='bbox 1055 2994 1084 3057; x_wconf 81' lang='grc' dir='ltr'>έν</span> <span class='ocrx_word' id='word_1_229' title='bbox 1108 2991 1170 3074; x_wconf 71' lang='grc' dir='ltr'>ἥβρ</span> <span class='ocrx_word' id='word_1_230' title='bbox 1191 2994 1312 3064; x_wconf 79' lang='grc' dir='ltr'><em>ποθντοις</em></span> <span class='ocrx_word' id='word_1_231' title='bbox 1337 2991 1434 3056; x_wconf 84' lang='grc' dir='ltr'><em>κατέ·</em></span> 
     </span>
     <span class='ocr_line' id='line_1_27' title="bbox 242 3095 1434 3180; baseline 0.003 -20"><span class='ocrx_word' id='word_1_232' title='bbox 242 3096 375 3178; x_wconf 78' lang='grc' dir='ltr'><em>σφαξεν,</em></span> <span class='ocrx_word' id='word_1_233' title='bbox 397 3095 549 3176; x_wconf 77' lang='grc' dir='ltr'><em>ἐπέτρεψε</em></span> <span class='ocrx_word' id='word_1_234' title='bbox 568 3098 599 3162; x_wconf 82' lang='grc' dir='ltr'>δὲ</span> <span class='ocrx_word' id='word_1_235' title='bbox 619 3101 671 3162; x_wconf 76' lang='grc' dir='ltr'>καὶ</span> <span class='ocrx_word' id='word_1_236' title='bbox 694 3097 751 3162; x_wconf 74' lang='grc' dir='ltr'>ὅσα</span> <span class='ocrx_word' id='word_1_237' title='bbox 777 3095 810 3172; x_wconf 70' lang='grc' dir='ltr'>ἦν</span> <span class='ocrx_word' id='word_1_238' title='bbox 834 3099 967 3164; x_wconf 73' lang='grc' dir='ltr'><em>ἐνταῦθα</em></span> <span class='ocrx_word' id='word_1_239' title='bbox 989 3099 1145 3180; x_wconf 68' lang='grc' dir='ltr'><em>χρήματα</em></span> <span class='ocrx_word' id='word_1_240' title='bbox 1167 3107 1229 3172; x_wconf 79' lang='grc' dir='ltr'><em>τοῖς</em></span> <span class='ocrx_word' id='word_1_241' title='bbox 1247 3099 1434 3180; x_wconf 76' lang='grc' dir='ltr'><em>ςρατιιθσοιις</em></span> 
     </span>
     <span class='ocr_line' id='line_1_28' title="bbox 242 3201 604 3285; baseline 0 -18"><span class='ocrx_word' id='word_1_242' title='bbox 242 3201 344 3285; x_wconf 81' lang='grc' dir='ltr'><em>φέρειν</em></span> <span class='ocrx_word' id='word_1_243' title='bbox 368 3226 403 3266; x_wconf 86' lang='grc' dir='ltr'>σε</span> <span class='ocrx_word' id='word_1_244' title='bbox 426 3203 479 3266; x_wconf 73' lang='grc' dir='ltr'>καὶ</span> <span class='ocrx_word' id='word_1_245' title='bbox 503 3201 604 3279; x_wconf 76' lang='grc' dir='ltr'><em>ἄγειν.</em></span> 
     </span>
     <span class='ocr_line' id='line_1_29' title="bbox 288 3291 1031 3378; baseline 0.003 -4"><span class='ocrx_word' id='word_1_246' title='bbox 288 3308 339 3375; x_wconf 89' lang='lat' dir='ltr'>Ad</span> <span class='ocrx_word' id='word_1_247' title='bbox 361 3309 438 3375; x_wconf 89' lang='lat' dir='ltr'>haec</span> <span class='ocrx_word' id='word_1_248' title='bbox 458 3311 493 3374; x_wconf 88' lang='lat' dir='ltr'>in</span> <span class='ocrx_word' id='word_1_249' title='bbox 515 3291 658 3374; x_wconf 83' lang='lat' dir='ltr'>mentem</span> <span class='ocrx_word' id='word_1_250' title='bbox 681 3312 770 3376; x_wconf 79' lang='lat' dir='ltr'>venit</span> <span class='ocrx_word' id='word_1_251' title='bbox 793 3310 871 3377; x_wconf 90' lang='lat' dir='ltr'>dicti</span> <span class='ocrx_word' id='word_1_252' title='bbox 896 3313 1031 3378; x_wconf 83' lang='lat' dir='ltr'>veteris:</span> 
     </span>
    </p>
   </div>
   <div class='ocr_carea' id='block_1_3' title="bbox 517 3431 1149 3489">
    <p class='ocr_par' dir='ltr' id='par_1_3' title="bbox 517 3431 1149 3489">
     <span class='ocr_line' id='line_1_30' title="bbox 517 3431 1149 3489; baseline 0.008 -7"><span class='ocrx_word' id='word_1_253' title='bbox 517 3431 659 3482; x_wconf 65' lang='lat' dir='ltr'>OPORTET</span> <span class='ocrx_word' id='word_1_254' title='bbox 682 3432 860 3486; x_wconf 72' lang='lat' dir='ltr'>munusculi</span> <span class='ocrx_word' id='word_1_255' title='bbox 881 3435 958 3485; x_wconf 73' lang='lat' dir='ltr'>ESSE</span> <span class='ocrx_word' id='word_1_256' title='bbox 980 3435 1149 3489; x_wconf 75' lang='lat' dir='ltr'>nunouuld.</span> 
     </span>
    </p>
   </div>
   <div class='ocr_carea' id='block_1_4' title="bbox 243 3618 1436 4139">
    <p class='ocr_par' dir='ltr' id='par_1_4' title="bbox 243 3618 1436 4139">
     <span class='ocr_line' id='line_1_31' title="bbox 288 3618 1433 3713; baseline 0.003 -20"><span class='ocrx_word' id='word_1_257' title='bbox 288 3619 369 3713; x_wconf 59' lang='lat' dir='ltr'>Pug&#39;.</span> <span class='ocrx_word' id='word_1_258' title='bbox 384 3623 483 3691; x_wconf 78' lang='lat'>1314.</span> <span class='ocrx_word' id='word_1_259' title='bbox 505 3625 531 3689; x_wconf 83' lang='lat' dir='ltr'>oi</span> <span class='ocrx_word' id='word_1_260' title='bbox 551 3625 608 3701; x_wconf 75' lang='grc' dir='ltr'>μὲν</span> <span class='ocrx_word' id='word_1_261' title='bbox 626 3618 674 3691; x_wconf 83' lang='grc' dir='ltr'>οὖν</span> <span class='ocrx_word' id='word_1_262' title='bbox 696 3625 745 3690; x_wconf 78' lang='grc' dir='ltr'>ἐπὶ</span> <span class='ocrx_word' id='word_1_263' title='bbox 767 3627 936 3694; x_wconf 80' lang='grc' dir='ltr'><em>ΣινελιΆΝ</em></span> <span class='ocrx_word' id='word_1_264' title='bbox 958 3629 1112 3703; x_wconf 72' lang='grc' dir='ltr'><em>πλέοντες.</em></span> <span class='ocrx_word' id='word_1_265' title='bbox 1141 3631 1231 3697; x_wconf 86' lang='lat' dir='ltr'>Libri</span> <span class='ocrx_word' id='word_1_266' title='bbox 1251 3631 1433 3709; x_wconf 74' lang='grc' dir='ltr'><em>ΣικελθΛΟ,</em></span> 
     </span>
     <span class='ocr_line' id='line_1_32' title="bbox 244 3730 1435 3824; baseline 0.006 -27"><span class='ocrx_word' id='word_1_267' title='bbox 244 3733 328 3818; x_wconf 90' lang='lat' dir='ltr'>quod</span> <span class='ocrx_word' id='word_1_268' title='bbox 351 3735 444 3798; x_wconf 89' lang='lat' dir='ltr'>unice</span> <span class='ocrx_word' id='word_1_269' title='bbox 473 3752 597 3798; x_wconf 87' lang='lat' dir='ltr'>verum.</span> <span class='ocrx_word' id='word_1_270' title='bbox 644 3730 824 3819; x_wconf 81' lang='lat' dir='ltr'>Stephanus</span> <span class='ocrx_word' id='word_1_271' title='bbox 849 3741 1066 3803; x_wconf 84' lang='lat' dir='ltr'>accusativum</span> <span class='ocrx_word' id='word_1_272' title='bbox 1090 3758 1240 3822; x_wconf 87' lang='lat' dir='ltr'>reponens</span> <span class='ocrx_word' id='word_1_273' title='bbox 1263 3758 1323 3803; x_wconf 91' lang='lat' dir='ltr'>nou</span> <span class='ocrx_word' id='word_1_274' title='bbox 1348 3740 1435 3824; x_wconf 80' lang='lat' dir='ltr'>cogi·</span> 
     </span>
     <span class='ocr_line' id='line_1_33' title="bbox 245 3839 1435 3929; baseline 0.005 -27"><span class='ocrx_word' id='word_1_275' title='bbox 245 3844 327 3904; x_wconf 83' lang='lat' dir='ltr'>taret</span> <span class='ocrx_word' id='word_1_276' title='bbox 350 3839 428 3924; x_wconf 91' lang='lat' dir='ltr'>quid</span> <span class='ocrx_word' id='word_1_277' title='bbox 446 3840 612 3904; x_wconf 88' lang='lat' dir='ltr'>interesset</span> <span class='ocrx_word' id='word_1_278' title='bbox 631 3840 714 3904; x_wconf 85' lang='lat' dir='ltr'>inter</span> <span class='ocrx_word' id='word_1_279' title='bbox 733 3849 822 3905; x_wconf 77' lang='grc' dir='ltr'><em>ποιεῖν</em></span> <span class='ocrx_word' id='word_1_280' title='bbox 843 3840 894 3907; x_wconf 79' lang='grc' dir='ltr'><em>ἐπ’</em></span> <span class='ocrx_word' id='word_1_281' title='bbox 915 3847 1062 3921; x_wconf 79' lang='grc' dir='ltr'><em>’Λθνοῶν,</em></span> <span class='ocrx_word' id='word_1_282' title='bbox 1086 3845 1167 3929; x_wconf 89' lang='lat' dir='ltr'>quod</span> <span class='ocrx_word' id='word_1_283' title='bbox 1188 3846 1266 3909; x_wconf 90' lang='lat' dir='ltr'>socii</span> <span class='ocrx_word' id='word_1_284' title='bbox 1286 3846 1435 3924; x_wconf 86' lang='lat' dir='ltr'>etumici</span> 
     </span>
     <span class='ocr_line' id='line_1_34' title="bbox 243 3942 1436 4035; baseline 0.006 -26"><span class='ocrx_word' id='word_1_285' title='bbox 243 3947 374 4011; x_wconf 88' lang='lat' dir='ltr'>ineunte</span> <span class='ocrx_word' id='word_1_286' title='bbox 396 3963 469 4010; x_wconf 88' lang='lat' dir='ltr'>vere</span> <span class='ocrx_word' id='word_1_287' title='bbox 492 3942 666 4022; x_wconf 81' lang='lat' dir='ltr'>faciebant,</span> <span class='ocrx_word' id='word_1_288' title='bbox 691 3955 723 4013; x_wconf 87' lang='lat' dir='ltr'>ct</span> <span class='ocrx_word' id='word_1_289' title='bbox 746 3956 835 4012; x_wconf 80' lang='grc' dir='ltr'><em>πλεῖν</em></span> <span class='ocrx_word' id='word_1_290' title='bbox 861 3950 910 4013; x_wconf 83' lang='grc' dir='ltr'><em>ἐπ’</em></span> <span class='ocrx_word' id='word_1_291' title='bbox 937 3950 1087 4028; x_wconf 77' lang='grc' dir='ltr'><em>Ἀθήνας,</em></span> <span class='ocrx_word' id='word_1_292' title='bbox 1113 3951 1196 4035; x_wconf 92' lang='lat' dir='ltr'>quod</span> <span class='ocrx_word' id='word_1_293' title='bbox 1220 3952 1258 4016; x_wconf 92' lang='lat' dir='ltr'>de</span> <span class='ocrx_word' id='word_1_294' title='bbox 1276 3950 1367 4016; x_wconf 87' lang='lat' dir='ltr'>hoste</span> <span class='ocrx_word' id='word_1_295' title='bbox 1388 3951 1436 4016; x_wconf 91' lang='lat' dir='ltr'>di·</span> 
     </span>
     <span class='ocr_line' id='line_1_35' title="bbox 244 4049 911 4139; baseline 0.009 -25"><span class='ocrx_word' id='word_1_296' title='bbox 244 4053 329 4116; x_wconf 87' lang='lat' dir='ltr'>citur</span> <span class='ocrx_word' id='word_1_297' title='bbox 351 4050 467 4115; x_wconf 85' lang='lat' dir='ltr'>infesta</span> <span class='ocrx_word' id='word_1_298' title='bbox 490 4049 589 4116; x_wconf 86' lang='lat' dir='ltr'>classe</span> <span class='ocrx_word' id='word_1_299' title='bbox 609 4051 752 4118; x_wconf 87' lang='lat' dir='ltr'>Athenas</span> <span class='ocrx_word' id='word_1_300' title='bbox 774 4060 911 4139; x_wconf 85' lang='lat' dir='ltr'>petente.</span> 
     </span>
    </p>
   </div>
   <div class='ocr_carea' id='block_1_5' title="bbox 244 4153 1435 4350">
    <p class='ocr_par' dir='ltr' id='par_1_5' title="bbox 244 4153 1435 4350">
     <span class='ocr_line' id='line_1_36' title="bbox 288 4153 1435 4245; baseline 0.009 -26"><span class='ocrx_word' id='word_1_301' title='bbox 288 4155 401 4240; x_wconf 89' lang='lat' dir='ltr'>Itaque</span> <span class='ocrx_word' id='word_1_302' title='bbox 422 4153 641 4222; x_wconf 87' lang='lat' dir='ltr'>Romanorum</span> <span class='ocrx_word' id='word_1_303' title='bbox 660 4158 762 4245; x_wconf 77' lang='lat' dir='ltr'>legati</span> <span class='ocrx_word' id='word_1_304' title='bbox 780 4160 980 4226; x_wconf 87' lang='lat' dir='ltr'>frumentum</span> <span class='ocrx_word' id='word_1_305' title='bbox 999 4164 1034 4229; x_wconf 89' lang='lat' dir='ltr'>in</span> <span class='ocrx_word' id='word_1_306' title='bbox 1057 4159 1169 4229; x_wconf 75' lang='lat' dir='ltr'>Sicilie</span> <span class='ocrx_word' id='word_1_307' title='bbox 1187 4163 1307 4228; x_wconf 85' lang='lat' dir='ltr'>emturi</span> <span class='ocrx_word' id='word_1_308' title='bbox 1326 4159 1435 4229; x_wconf 81' lang='grc' dir='ltr'><em>ἔπλεον</em></span> 
     </span>
     <span class='ocr_line' id='line_1_37' title="bbox 244 4261 828 4350; baseline 0.012 -23"><span class='ocrx_word' id='word_1_309' title='bbox 244 4261 293 4328; x_wconf 67' lang='lat' dir='ltr'>erl</span> <span class='ocrx_word' id='word_1_310' title='bbox 320 4264 489 4350; x_wconf 73' lang='grc' dir='ltr'><em>Σιιιελθας,</em></span> <span class='ocrx_word' id='word_1_311' title='bbox 511 4283 574 4329; x_wconf 89' lang='lat' dir='ltr'>non</span> <span class='ocrx_word' id='word_1_312' title='bbox 597 4264 647 4331; x_wconf 77' lang='grc' dir='ltr'><em>ε’πὶ</em></span> <span class='ocrx_word' id='word_1_313' title='bbox 670 4266 828 4334; x_wconf 81' lang='grc' dir='ltr'><em>Σικελίαν.</em></span> 
     </span>
    </p>
   </div>
   <div class='ocr_carea' id='block_1_6' title="bbox 0 0 1546 5004">
    <p class='ocr_par' dir='ltr' id='par_1_6' title="bbox 0 0 1546 5004">
     <span class='ocr_line' id='line_1_38' title="bbox 0 0 1546 5004; baseline 0 0"><span class='ocrx_word' id='word_1_314' title='bbox 0 0 1546 5004; x_wconf 95' lang='lat' dir='ltr'> </span> 
     </span>
    </p>
   </div>
  </div>
 </body>
</html>
