3076 5004
808 277 848 345 io

232 475 318 563 δθμῳ
350 474 507 559 μαλακόν.
541 490 614 561 pag:
649 469 747 538 1819.
781 468 852 536 οὔτε
882 469 937 544 την
969 464 1157 548 κληρουχίαν
1184 463 1348 549 ἐπέτρεπον
1375 462 1421 532 ἐτι

232 589 316 670 αὐτῷ
349 585 515 660 ποιεῖσθαι,
553 579 616 646 οὔτ’
654 576 734 642 όιλλο
767 576 930 656 ἐβούλοντο
966 573 1109 639 ἐνδιδόναι
1144 574 1289 653 μαλακόν
1325 573 1419 640 οὐδέν.

232 694 314 761 Redi
336 714 420 758 nuno
445 690 484 756 ad
508 691 654 754 nostrum
676 685 799 750 locum:
824 689 882 748 τῶν
907 682 938 746 δέ
962 682 1055 760 μηδὲν
1079 680 1221 746 ἐνδιδόναι
1242 682 1306 767 (καί
1329 684 1423 746 omit·
1514 750 1518 757 ¹

231 805 306 865 tunt
349 797 429 884 AB.)
464 793 696 875 μαλακίζεσθαι
732 786 1018 869 συμβουλευόντων,
1053 808 1155 888 nonne
1190 789 1279 855 vides
1313 809 1423 854 veram

230 907 311 975 hanc
343 906 533 988 scripturam
564 900 798 986 perlucentem:
830 897 923 974 μηδὲν
955 895 1098 960 ἐνδιδόναι
1133 903 1309 972 μαλακΟΝ
1345 919 1423 974 συμ·

231 1009 446 1090 βουλευόντων.
474 990 620 1094 ¹Nempe
651 1010 744 1072 vetus
775 1003 888 1071 lacuna
918 1004 1068 1092 imperite
1100 1001 1225 1092 expleta
1257 1006 1313 1070 cst.
1361 1001 1422 1072 Su·

229 1121 390 1204 perarata

513 1216 1138 1287 ruameraenamonmomruu(*¹*a

233 1331 317 1420 quod
340 1350 396 1420 pro
421 1334 516 1415 captu
539 1349 596 1394 suo
621 1325 797 1394 Graeculus
820 1326 958 1394 sarcivit.

368 1571 553 1652 Φθείρεσθαι.
578 1568 1040 1654 περιφθείρεσθαιεφέρεσθαι.
1068 1569 1291 1654 περιφέρεσθαι.

277 1756 358 1842 Pag.
384 1749 483 1819 1157.
510 1752 627 1830 γύναια
647 1758 704 1817 τῶν
725 1753 890 1820 οίποςατῶν
910 1750 963 1817 καὶ
985 1751 1095 1817 παιδιά
1117 1754 1210 1830 νήπια
1231 1752 1420 1836 κα1μηραιο1

233 1863 263 1927 ἐν
296 1862 413 1936 ἐσθῆσιν
443 1860 589 1930 ἐλεειναῖς
620 1857 671 1923 καὶ
705 1859 851 1940 σχήμασι
885 1860 1036 1938 πενθίμοις
1066 1858 1305 1941 περιφερόμενοι
1336 1862 1421 1926 κατόν

233 1970 288 2043 την
332 1965 459 2048 όνοροίν.
518 1965 691 2052 Dionysius
732 1968 899 2050 scripserat
934 1965 1230 2048 περιΦΘΕΙρόμενοι.
1290 1966 1424 2053 Saepius

233 2074 431 2141 ostendimus
463 2093 481 2138 a
511 2073 623 2137 scribis
653 2071 700 2136 nil
731 2073 944 2160 cogitantibus
975 2094 1031 2158 pro
1060 2075 1211 2156 φθείρειν,
1238 2074 1422 2156 ἐκφθείρειν,

234 2180 433 2264 διαφθείρειν,
461 2179 636 2260 φθείρεσθαι
659 2183 690 2243 ot
710 2177 953 2260 περιφθείρεσθαι
974 2183 1108 2265 supponi
1126 2179 1244 2262 φέρειν,
1267 2180 1421 2263 ἐκφέρειν,

235 2287 404 2370 διαφέρειν,
428 2284 573 2368 φέρεσθαι
597 2289 630 2350 et
652 2284 874 2365 περιφέρεσθαι.
914 2285 1075 2351 Notabilis
1099 2293 1146 2351 ast
1169 2287 1257 2354 locus
1280 2289 1424 2376 Lycurgi

234 2393 318 2457 κοντοὶ
350 2389 550 2472 Λευκροίτους
582 2411 655 2477 pag.
691 2388 765 2454 153.
800 2391 830 2457 1.
865 2391 935 2468 σ’ροῖν
967 2391 993 2455 δ’
1024 2386 1057 2465 ἦν
1090 2394 1139 2457 ἐπὶ
1172 2395 1228 2472 μὲν
1253 2403 1311 2460 τῶν
1335 2397 1423 2474 θυρῶν

234 2505 388 2577 γυναῖκας
420 2496 577 2578 ἐλευθέρας
609 2495 822 2585 [περιφόβους]
853 2498 1091 2578 κατεπτηχυίας
1118 2499 1169 2564 καὶ
1196 2501 1422 2578 πυνθανομένας

235 2607 274 2691 [εί
300 2605 384 2692 ζῶσι]
413 2605 470 2677 σόος
496 2604 553 2681 μὲν
578 2603 650 2682 ὑπὲρ
675 2600 799 2683 σίνδρός,
825 2603 883 2676 τόις
908 2603 933 2667 δ’
959 2605 1029 2683 ὑπὲρ
1056 2605 1189 2684 πατρός,
1216 2606 1274 2676 τας
1299 2606 1323 2671 δ’
1351 2610 1423 2687 ὑπὲρ

233 2713 378 2793 οίδελφῶν
413 2709 544 2787 ἀναξίοις
580 2710 680 2773 αὐτῶν
715 2733 749 2772 τε
786 2709 837 2774 καὶ
871 2717 925 2783 τῆς
957 2710 1075 2784 πόλεως
1108 2710 1274 2791 ὁρωμένας·
1303 2720 1361 2779 τῶν
1392 2715 1422 2779 δέ

234 2817 344 2898 σίνδρῶν
375 2817 445 2888 τοὺς
469 2823 531 2888 τοῖς
557 2817 694 2893 σώμασιν
720 2816 926 2896 ἀπειρηκότας
950 2816 1002 2880 καὶ
1028 2818 1086 2888 τόος
1112 2818 1232 2892 ἡλικίας
1255 2820 1423 2900 πρεσβυτέ-

234 2948 298 3006 ρους
324 2924 375 2988 καὶ
404 2922 461 2988 ὑπὸ
485 2927 543 2985 τῶν
565 2923 661 2999 νόμον
685 2927 738 2987 τοῦ
763 2923 963 3004 ςρκτειίεσθαι
989 2921 1173 3004 ἀφειμένους
1199 2925 1270 2988 ἰδεῖν
1295 2922 1328 3000 ἦν
1357 2928 1424 2990 καθ’

234 3027 306 3106 όλην
338 3030 392 3103 την
421 3026 509 3093 πόλιν
532 3028 582 3093 ἐπὶ
608 3029 705 3109 γήρως
732 3029 785 3110 θδῷ
817 3028 1206 3111 περιφθειρομένους
1239 3031 1336 3096 διπλόα
1361 3034 1424 3097 θαί-

234 3135 338 3216 μοίτια
362 3134 664 3215 ἐμπεπορπημένους.
701 3136 738 3200 lu
760 3136 851 3201 libris
875 3140 922 3201 est
942 3134 1205 3218 διαφθειρομένους
1226 3141 1292 3204 sine
1312 3160 1421 3218 sensu;

234 3264 344 3310 veram
375 3245 566 3327 scripturam
597 3264 635 3307 ex
665 3245 768 3307 nescio
800 3262 862 3326 qua
889 3247 995 3307 vetere
1019 3241 1100 3316 λέξει
1125 3248 1260 3327 ῥητορικῇ
1286 3248 1426 3311 servavit

235 3346 351 3413 Suidas
379 3351 414 3412 in
443 3370 473 3413 v.
500 3348 765 3428 Πεπορτημένους.
816 3346 989 3424 Φθείρεσθαι
1012 3351 1153 3433 positum
1176 3372 1232 3436 pro
1256 3351 1425 3432 ῥέμβεσθαι

236 3460 267 3520 ot
291 3453 379 3535 ἔρρειν
409 3454 506 3519 habet
537 3457 712 3541 composita
741 3452 981 3534 είσφθείρεσθαι,
1009 3456 1243 3536 ε’κφθείρεσθκι,
1263 3458 1426 3540 προσφθεί·

236 3562 355 3643 ρεσθκι,
382 3562 623 3644 περιφθείρεσθαι
650 3565 681 3625 et
705 3561 1024 3641 συμπεριφθείρεσθαι.
1071 3562 1159 3628 Haoo
1183 3567 1289 3628 omnia
1313 3586 1331 3629 a
1352 3567 1427 3629 sori-

235 3669 286 3735 bis
317 3672 545 3735 convertuntur
574 3669 609 3731 in
641 3667 804 3748 φέρεσθαι,
831 3669 1024 3750 εἰσφέρεσθαι
1050 3674 1121 3733 cett.
1170 3670 1326 3756 Exempla
1349 3671 1428 3737 alibi

237 3774 401 3860 complura
432 3774 520 3852 dedu
554 3795 637 3838 nunc
669 3793 732 3838 uno
764 3779 900 3838 tantum·
924 3780 996 3840 utar
1019 3797 1057 3840 ex
1080 3778 1148 3861 ipso
1175 3776 1328 3863 Dionysio
1351 3798 1426 3864 pag.

237 3881 336 3949 2061.
361 3881 419 3945 ubi
443 3878 611 3946 Ohisianus
634 3879 716 3944 liber
739 3881 884 3946 exhibet:
912 3882 1090 3963 ΦΕρομένης
1111 3884 1163 3947 καὶ
1185 3882 1426 3965 διαρπαζομένης

237 3995 291 4063 τῆς
316 3986 472 4066 Ῥωμαίων
497 3995 574 4064 γῆς,
599 3986 653 4051 sed
676 4007 790 4052 verum
811 3993 915 4054 serrat
938 3988 1075 4056 Urbinas
1101 3989 1332 4070 ΦΘΕΙρομένης.

442 4225 604 4293 Ἐλαιίνειν
628 4230 688 4294 aaa
713 4230 839 4312 κρότος,
866 4231 929 4296 οέπδ
954 4234 1072 4313 ῥυτῆρος
1099 4238 1130 4296 et
1154 4234 1225 4296 sim.

283 4413 364 4500 Pag.
398 4407 472 4476 554.
505 4411 671 4492 Ταρκύνιος
703 4411 736 4503 δέ
765 4421 826 4485 τοῖς
860 4413 990 4492 ἡγεμόσι
1027 4419 1085 4479 τῶν
1121 4413 1218 4496 πεζῶν
1255 4418 1427 4482 ἀκολουθεῖν
