3076 5004
702 262 721 328 5

159 450 281 541 όφλιόν,
303 452 453 538 όφλόντες
753 450 872 535 όφλονν,
896 452 1044 536 όφλοντες

160 561 344 643 Σνριικόσιος
609 615 613 620 .
757 559 957 641 Συρακούσιος

158 670 286 751 Τίβερις
308 667 450 748 Τιβέριος
474 668 594 748 Τιβέρι.
755 665 904 752 deceptus
927 688 945 733 a
970 666 1068 733 Oodd.
1106 667 1219 732 Editor
1242 663 1302 731 Τό-

754 772 838 853 βερις
860 774 971 838 scribit
1001 778 1033 839 et
1063 794 1303 859 nonnumquam

755 877 926 961 Τεβέρεως.
991 878 1153 965 Sequioris
1191 887 1242 947 aet
1263 883 1305 945 tis

755 986 832 1050 haec
863 987 1107 1072 scriptumest,
1131 988 1214 1054 unde
1238 1008 1305 1053 ma·

755 1093 847 1159 navit
888 1092 1078 1158 hodiernum
1123 1114 1239 1160 nomen
1281 1095 1308 1158 it

756 1199 862 1263 Tenere
891 1202 924 1264 st
954 1199 981 1262 il
1013 1200 1181 1265 Tracteccre
1204 1204 1305 1289 (regio

753 1304 1015 1393 Transtiberina).

161 1412 301 1491 τιόασός,
326 1410 496 1478 τιθασεύειν
755 1411 918 1491 τιόασσός,
943 1412 1132 1478 τιόασσεόειν

161 1518 331 1601 φιλόνικος,
356 1519 421 1604 ·όοι,
445 1527 502 1585 ·εῒν
757 1517 945 1600 φιλόνεικος,
971 1518 1036 1599 -όοι,
1062 1528 1119 1586 -sis

162 1624 278 1710 χρέως,
304 1625 482 1710 ὑπόχρεως,
506 1623 673 1706 ἀξιόχρεως
756 1624 863 1711 χρέος,
890 1625 1058 1711 ὑπόχρεος,
1086 1626 1257 1709 ἀξιόχρεος.

162 1733 337 1798 Nominum
371 1732 560 1798 Latinorum
590 1734 624 1796 in
646 1732 730 1796 -cluo
753 1738 785 1797 et
807 1734 902 1797 -ulum
926 1735 1113 1799 exeuntium
1138 1737 1303 1816 Proculus,

118 1838 303 1917 Ianiculum,
345 1839 538 1904 Corniculum
573 1835 694 1905 Graeca
728 1838 831 1904 forma
867 1843 914 1903 cst
949 1840 1102 1920 Πρόκλος,
1138 1839 1304 1922 Ἰόνικλον,

116 1945 276 2026 Κόρνικλον
307 1950 339 2010 et
369 1945 529 2010 similium
561 1947 719 2011 omnium.
767 1945 881 2031 Itaque
912 1947 1038 2011 Ρνοοόαε
1070 1969 1155 2013 οιτον
1178 1954 1226 2014 cst
1248 1971 1306 2036 pro

116 2053 284 2127 Ρκοονῖιικ,
315 2058 353 2116 ut
382 2057 415 2117 et
446 2052 578 2131 Βίβλος,
609 2050 733 2124 Κάτλος
765 2055 798 2116 et
828 2053 900 2117 sim.
926 2058 1105 2120 constanter
1127 2075 1236 2121 omnes
1260 2057 1308 2122 di-

117 2159 240 2224 cebant.

161 2263 200 2329 In
229 2273 242 2329 1
274 2263 452 2350 subscripto
483 2284 575 2350 saepe
604 2262 682 2330 libri
712 2268 853 2350 peccant.
901 2263 1112 2332 scribendum
1145 2273 1193 2334 est
1228 2269 1303 2354 ήόν,

118 2372 218 2456 ήόεος,
255 2371 410 2455 λήζοςοαι,
443 2372 558 2452 όόῷος,
591 2369 716 2453 Τρῳοιό,
749 2370 904 2452 'sputus
959 2372 1071 2437 Editor
1100 2373 1188 2439 dedit
1219 2378 1305 2454 ήῖιόν,

118 2479 226 2558 ήΐόεος,
254 2476 422 2558 λκΐζομαι,
447 2479 558 2556 adora,
583 2477 708 2559 Τρωαό,
732 2485 762 2541 T
763 2476 875 2559 procidas
898 2481 1006 2542 omnia
1029 2481 1152 2545 vitiose.
1189 2481 1308 2550 omitti

117 2585 198 2650 solet
220 2594 234 2649 1
256 2587 291 2649 in
316 2585 515 2651 deminitivis
539 2587 573 2648 in
596 2591 725 2650 -srloN
750 2589 782 2649 et
807 2591 978 2649 -ΗΙΔΙΟΝ
1002 2587 1190 2653 exeuntibus
1213 2595 1251 2654 ut
1272 2593 1307 2655 in

117 2691 238 2770 γήδιον,
264 2692 352 2772 ήρῶον
376 2695 408 2756 et
431 2691 503 2756 sim.
539 2690 655 2757 Omnia
677 2691 755 2756 haec
779 2690 818 2756 ad
838 2694 957 2757 certam
978 2695 1009 2757 et
1027 2697 1212 2777 perpetuam
1232 2717 1306 2762 ana-

116 2794 239 2885 logiam
262 2801 337 2863 sunt
361 2797 546 2863 revocanda.

162 2902 225 2969 Sed
252 2904 288 2968 hi
320 2923 430 2970 omnes
461 2908 572 2969 tenues
604 2921 723 2970 errores
746 2907 821 2969 sunt
844 2924 918 2990 prae
941 2903 1092 2990 loquendi
1113 2905 1203 2972 vitiis
1225 2928 1305 2993 quae

117 3010 157 3076 ab
183 3011 253 3097 ipso
273 3007 430 3097 Dionysio
453 3011 623 3076 commissa
647 3031 713 3075 esse
737 3013 814 3076 satis
837 3016 969 3077 constat.
1001 3010 1178 3099 Dionysius
1201 3017 1304 3094 euim,

118 3116 173 3201 qui
203 3117 238 3180 in
269 3116 387 3181 Atticis
417 3113 618 3194 Oratoribus,
651 3115 841 3193 Historicis,
872 3116 1077 3202 Philosophia
1107 3118 1250 3207 legendis
1274 3129 1307 3188 et

117 3221 329 3288 diiudicandis
360 3226 498 3288 aetatem
527 3224 734 3302 contriverat,
768 3225 824 3308 qui
856 3223 1096 3310 Thucydidem,
1121 3225 1307 3294 Demosthe-

117 3350 209 3408 nem,
231 3327 399 3394 Platonem
419 3328 548 3394 tenebat
566 3331 769 3405 memoriter,
792 3332 846 3414 qui
866 3334 898 3394 et
917 3332 1048 3395 cacteris
1060 3335 1092 3396 et
1103 3332 1165 3397 sibi
1176 3338 1306 3422 egregie

118 3434 284 3518 ἀττικίζειν
316 3434 498 3513 videbatur,
533 3434 635 3500 nihilo
666 3437 775 3501 minus
799 3438 832 3501 in
854 3435 969 3500 multis
988 3443 1097 3522 spreta
1120 3439 1220 3503 Attici
1243 3462 1305 3507 ser-

118 3545 222 3609 monis
251 3543 374 3606 ratione
402 3546 434 3607 et
464 3562 525 3606 usu
548 3543 700 3608 vitiosam
725 3541 908 3627 aequalium
932 3541 1081 3626 loquendi
1105 3548 1305 3612 consuetudi·

117 3671 191 3716 nem
220 3650 287 3738 (τήν
310 3645 479 3733 σννήόειαν)
504 3667 633 3714 securus
654 3651 813 3733 sequitur;
840 3650 931 3713 cuius
953 3651 1000 3714 rei
1022 3671 1105 3714 nunc
1125 3673 1227 3716 unum
1251 3654 1306 3721 sed

117 3757 248 3823 evidens
274 3759 501 3843 argumentum
527 3759 559 3819 ct
582 3752 767 3840 exemplum
790 3775 963 3841 proponam
988 3755 1080 3841 plura
1103 3756 1249 3845 deinceps
1271 3764 1306 3827 in

116 3861 309 3950 perlegendo
331 3861 486 3948 Dionysio
509 3859 703 3947 prolaturus.
1015 3949 1017 3953 Ι

162 3967 303 4035 Verbum
335 3969 429 4048 αἱρεῖν
461 3989 536 4033 cum
563 3969 748 4053 compositis
777 3969 928 4050 όναιρεῖν,
961 3965 1108 4054 ἐξαιρεῖν,
1133 3972 1304 4059 καθαιρεῖν,

117 4075 333 4158 ἀφαιρεῖσθαι,
354 4074 549 4156 διαιρεῖσθαι,
570 4072 769 4160 ἐξαιρεῖσθαι,
791 4077 1009 4157 τροαιρεῖσόαι,
1030 4076 1127 4141 habet
1145 4079 1179 4141 in
1195 4077 1306 4147 Attico

117 4187 150 4249 et
180 4181 266 4267 apud
295 4178 425 4246 Veteres
457 4201 567 4245 omncs
597 4180 745 4246 futurum
767 4183 898 4263 αἱρήσω,
925 4183 1089 4267 ε’ξαιρήσο,
1114 4185 1304 4264 καόαιρήσο,

116 4288 302 4372 αἱρήσομαι,
335 4285 548 4368 διαιρήσομαι,
582 4286 797 4369 ἀφαιρήσομαι
806 4337 815 4367 ,
848 4290 1063 4370 διαιρήσομαι,
1089 4289 1305 4371 ἐξαιρήσομαι,

116 4397 338 4482 τροαιρήσομαι
370 4399 444 4461 cett.
491 4393 642 4463 Graeculi
671 4399 824 4485 sequioris
855 4399 968 4463 astatis
995 4394 1109 4461 falsam
1142 4397 1306 4492 analogiae
