3076 5004
738 236 804 310 216

228 428 307 519 Peg.
338 433 413 499 234.
447 433 498 500 καί
530 434 601 512 πρὸς
632 431 689 504 τοὶς
723 432 900 505 οὶναΤοίοεις
933 431 1146 513 ἐτραχύνοντο.
1193 433 1302 514 Libri,
1332 439 1368 500 ut

183 536 301 615 soient,
326 541 494 613 οὶναςοίοεις
518 563 538 606 a
561 539 735 627 Sylburgio
759 542 973 606 emendatum.
1021 539 1123 626 Supra
1146 541 1289 607 vidimus
1316 541 1370 626 (ad

183 666 257 732 pag.
283 645 394 731 1227.)
420 649 588 718 οένατοίοεις
613 656 646 711 et
670 649 890 718 ἐπανατοίοεως
916 656 1062 732 corrupta
1085 651 1119 712 in
1143 651 1313 718 οίναςοίοεις
1337 653 1370 714 ct

184 752 418 826 ἐποναςοίοεος.
466 754 586 820 Eodem
622 752 717 818 modo
751 773 824 841 pag.
862 752 960 822 1478.
994 755 1069 820 libri
1102 754 1273 820 exhibent:
1310 751 1369 822 ὥςε

182 857 276 935 μηδὲν
299 857 400 940 ἄρθρον
423 858 495 924 circo
520 860 762 931 xoeraCTciusuc
781 866 836 932 τῆς
857 860 992 938 μεγίςης
1013 860 1158 926 δύνασθαι
1181 869 1290 940 κινεῖν,
1311 862 1371 927 ubi

180 965 299 1028 iterum
323 963 476 1053 Sylburg.
500 986 614 1033 verum
638 965 732 1032 vidit.

225 1157 305 1246 Pag.
337 1157 414 1224 235.
446 1157 550 1239 ἄνδρες
583 1168 783 1243 Ταραντῖνοι,
817 1166 953 1239 γελῖιτε·
985 1164 1081 1229 πολὺν
1112 1164 1176 1244 γὰρ
1203 1163 1255 1229 τὸν
1280 1168 1369 1243 μετὰ

180 1268 286 1328 ταῦτα
308 1265 412 1345 χρόνον
437 1265 634 1331 κλαίοΕΤΕ.
683 1265 812 1332 Oblitus
835 1273 883 1332 est
904 1268 1079 1355 Dionysius
1104 1271 1278 1336 κλαύοεοίε
1302 1294 1370 1339 csse

180 1368 374 1437 dicendum.¹

223 1569 304 1658 Pag.
337 1568 413 1637 237.
446 1571 557 1636 Μέτων
586 1576 801 1650 τις-παρῆν
832 1570 874 1642 εἷς
906 1569 941 1634 οδ
977 1569 1097 1648 θέατρον
1134 1570 1368 1650 ἔςεφανωμίνος

178 1670 276 1757 ὥσπερ
307 1677 341 1741 ἐκ
364 1678 533 1753 συμποσίου
557 1677 722 1748 παιδίσκην
745 1678 977 1756 ΠΕΡΙειληφίις
1003 1677 1173 1756 αὐλητρίδα
1196 1680 1367 1754 κωμαςικοὶ

178 1780 259 1858 μίαν
296 1787 537 1861 προοανκοῦοοιν.
601 1781 670 1862 Quo
705 1781 904 1847 commodius
937 1783 1081 1870 puellula
1114 1785 1204 1848 tibiis
1239 1789 1368 1850 cantare

175 1890 276 1972 possit
291 1909 404 1975 repone
421 1890 638 1971 ΠΑΡειληφνίς
655 1910 750 1952 secum
767 1888 895 1950 adducto
912 1909 968 1974 pro
982 1886 1184 1971 περιειληφώς
1197 1891 1364 1974 amplam.

223 2079 301 2167 Pag.
336 2078 414 2147 237.
447 2081 601 2153 Βασιλεὺς
637 2082 866 2183 Ἠκειρωτῶν-
862 2081 971 2159 Πύρρος
1008 2081 1164 2160 βασιλέως
1200 2082 1367 2158 Αἰακίδου,

178 2193 257 2260 adde
282 2193 363 2272 υἱός,
388 2194 472 2279 quod
495 2197 571 2280 quia
595 2193 791 2259 scribebatur
815 2202 868 2258 'rc
889 2189 982 2258 facile
1004 2192 1192 2258 intercidere
1216 2197 1333 2278 potuit.

224 2389 305 2473 Pag.
337 2384 414 2452 239.
446 2387 471 2449 εί
503 2383 531 2450 δ’
562 2387 595 2451 ἐκ
620 2385 736 2456 παντὸς
757 2378 872 2466 τρόπον
890 2381 1025 2458 πόλεμον
1056 2383 1261 2464 αίρεῖοίαι
1294 2387 1366 2466 πρὸς

179 2497 262 2571 ἡμᾶς
295 2492 473 2570 διέγνωκας.
521 2491 731 2558 Tralaticium
757 2490 912 2557 mendum
935 2495 983 2555 est
1005 2511 1061 2576 pro
1084 2491 1250 2572 αἴρεσθαι,
1274 2493 1367 2577 nuci

170 2623 245 2683 pere
267 2597 401 2664 bellum.

222 2780 304 2867 Peg.
335 2777 413 2844 241.
446 2777 517 2850 τοὺς
548 2776 753 2855 καλουμένους
790 2776 927 2850 Σίνανας
946 2816 988 2827 -
1007 2778 1119 2858 ἡβηδὸν
1152 2780 1368 2862 κατέσφαξεν.

176 2884 428 2972 Appellabantur
457 2883 636 2970 penultima
665 2885 755 2949 brevi
786 2884 924 2963 Σένονες,
956 2886 1040 2970 qnod
1063 2889 1212 2974 arguitur
1236 2887 1290 2954 vel
1311 2909 1367 2954 no

175 2995 278 3069 mine,
314 3011 376 3076 quo
410 3011 494 3055 nunc
526 2989 633 3054 οιόίίαι
667 2991 811 3054 Senonum
843 2992 878 3055 in
912 2988 1020 3056 Gallia
1055 2991 1248 3079 appellatur,
1284 2994 1366 3058 Sene.

177 3095 373 3165 Confirmant
396 3101 518 3182 politae.
565 3094 689 3160 Statius
712 3096 786 3160 Silo.
812 3095 842 3161 5.
868 3095 900 3161 3.
927 3095 1001 3161 198.

386 3210 413 3266 ct
436 3203 579 3266 Senonum
593 3201 707 3287 furiae
728 3201 838 3266 batiae
860 3225 976 3266 οοιοοονο
997 3204 1137 3270 cohorter.

217 3309 325 3398 Vulgo
356 3314 464 3374 tamen
495 3313 527 3372 et
557 3307 642 3393 apud
675 3307 755 3372 alios
787 3312 819 3373 ct
832 3305 926 3393 'apud
948 3308 1125 3395 Polybium
1149 3309 1285 3385 Σηνανες
1309 3318 1367 3378 aut

177 3415 308 3488 Σένωνος
332 3416 491 3480 scribitur.

219 3597 299 3684 Pag.
330 3593 407 3661 245.
439 3594 604 3660 Fabricius
635 3595 675 3660 ad
696 3594 877 3681 Pyrrhum:
901 3596 962 3674 ἀφ’
987 3589 1025 3663 ὧν
1048 3595 1184 3673 δύναμαι
1209 3606 1306 3664 ποιεῖν
1333 3595 1367 3665 εὖ

175 3703 262 3774 τινας
285 3706 391 3768 ταῦτα
415 3699 500 3765 κοινοὶ
524 3709 587 3771 τοῖς
611 3699 760 3777 δεομένοις
786 3699 932 3780 παρέχων
955 3702 1008 3766 οὐκ
1029 3700 1067 3766 ίιν
1088 3703 1267 3782 ἡγησαίμην
1287 3701 1364 3771 εἶναι

175 3817 331 3876 AITION
355 3807 500 3885 ἐμαυτόν.
549 3805 633 3886 Quid
656 3818 703 3872 est
725 3807 958 3872 restituendum
981 3827 1037 3892 pro
1061 3806 1177 3873 αίτιονί
1224 3808 1365 3899 Colligcs

175 3939 214 3983 ex
243 3916 295 3981 his
324 3914 417 3980 locis:
443 3935 517 4000 pag.
541 3911 617 3977 244.
644 3913 709 3988 ἐμοί
734 3913 797 3991 γοὶρ
822 3913 950 3991 οὐδεμία
976 3913 1099 3979 πώποτε
1124 3915 1364 3993 κακοδαιμονίας

175 4022 312 4095 οιίοίηοις
344 4021 430 4099 καρίς
462 4019 497 4083 τὸ
528 4019 572 4096 μη
604 4020 708 4083 πολλοὶ
741 4020 908 4093 κεκτῆσθαι
941 4022 1081 4098 γέγονεν.
1116 4028 1149 4086 et
1179 4043 1253 4109 pag.
1286 4022 1362 4089 245.

174 4130 205 4192 ἕν
237 4137 300 4197 τοῖς
334 4127 416 4197 ἰδίοις
447 4129 587 4189 τοσοῦτον
612 4124 724 4205 ciriaco
750 4125 988 4202 κακοδαιμονίας
1013 4125 1064 4194 ὦς’
1088 4129 1117 4191 ἐν
1142 4129 1257 4206 ὀλίγοις
1283 4129 1364 4194 ποίνν

176 4243 234 4300 νῶν
265 4233 423 4313 μακαρίων
456 4231 590 4309 ἐμαυτὸν
621 4227 697 4296 εἶναι
730 4233 816 4296 δοκῶ.
866 4230 950 4311 Quid
975 4236 1022 4296 est
1045 4236 1148 4320 igitur
1170 4232 1364 4321 legendnm?

171 4343 296 4429 Nempe
322 4339 374 4404 οὐκ
400 4336 437 4403 tu
464 4339 642 4417 ἡγησαίμην
662 4339 849 4405 ’ΆΘΛΙΟΝ
872 4337 1019 4418 ε’μαντιίν.
