3076 5004
816 282 858 356 48

240 481 373 550 Δὲουσοι.
421 479 581 548 Graecum
617 487 664 547 est
703 501 739 546 eo
777 501 871 546 sensu
903 476 1135 553 ἈΠοδὲουσοι,
1168 481 1206 543 ut
1236 497 1313 563 pag.
1352 470 1428 539 552.
1505 522 1508 528 .

239 589 309 655 οὑτε
345 592 519 665 πολεμικῶν
554 588 679 665 οίρὺνυν
713 586 855 666 οίτριβεῖς
891 584 961 650 οὑτε
996 585 1104 661 πλήθει
1137 582 1216 648 πολὺ
1248 580 1429 653 ἀποδέοντες

239 697 404 778 ὑλλήλων,
438 699 470 760 et
499 696 544 759 sic
576 698 754 762 constanter
785 693 840 758 ubi
873 694 1029 759 sententia
1060 695 1107 756 est
1142 690 1316 776 inferiorem
1351 709 1430 764 ense,

239 804 409 870 λείπεσθαι.

284 1016 364 1104 Ρεις.
398 1013 475 1080 318.
507 1014 697 1086 εὐδοκοῦντος
729 1014 760 1078 δὲ
790 1019 843 1079 τοῦ
868 1014 1003 1090 Τοιτίου,
1028 1012 1191 1099 plebeium
1216 1016 1247 1076 et
1271 1011 1309 1076 de
1332 1012 1430 1077 trivio

239 1128 384 1189 sumtum
416 1120 551 1186 verbum
585 1125 632 1185 est
663 1120 792 1185 εὑὺοκεῖν
818 1126 850 1186 et
871 1140 987 1186 nomen
1010 1112 1180 1197 εὑδόνησις,
1206 1139 1286 1204 quae
1308 1116 1431 1182 Veteri-

239 1230 299 1295 bus
329 1230 493 1314 incognita
523 1247 614 1312 saepe
646 1227 730 1313 apud
760 1226 953 1314 Dionysium
983 1225 1154 1313 leguntur,
1188 1232 1220 1290 et
1251 1222 1430 1310 nPolybio

238 1336 400 1421 imprimis
430 1334 588 1417 frequenti
620 1354 680 1397 usu
708 1336 887 1397 teruntur.'
915 1331 1086 1417 irrepserat
1109 1332 1244 1398 verbum
1268 1331 1430 1395 novitium

238 1443 272 1504 in
303 1439 525 1504 Demosthenis
556 1437 672 1513 libros,
704 1458 798 1522 quem
830 1458 967 1502 errorem
1000 1436 1191 1502 sustulimus
1226 1440 1261 1501 in
1295 1437 1428 1501 Miscetl.

242 1546 315 1610 crte.
339 1564 413 1631 pag.
439 1542 492 1609 54.

284 1725 365 1813 Ρυς.
402 1722 478 1789 318.
511 1725 657 1802 λοιβοῦσκ
689 1726 749 1795 τοὶς
782 1725 882 1798 πίςεις
915 1724 952 1789 δι’
985 1724 1195 1804 ὑρκοιν-κοιὶ
1228 1725 1307 1799 οιὺτη
1332 1725 1428 1788 δοῦσιν

242 1831 323 1919 [τοῦ]
360 1833 403 1908 μη
431 1829 609 1911 ψεὺΔεσὺοιι
635 1830 694 1902 τοὶς
718 1831 898 1908 ὁμολογίης.
944 1830 1066 1896 Vitiusc
1090 1835 1121 1896 et
1145 1830 1265 1897 soloece
1288 1828 1429 1894 abundet

240 1937 394 2006 articulus
417 1942 482 2002 τοῦ.
529 1936 651 2002 Deinde
675 1937 876 2002 scribendum
899 1939 943 2013 μη
968 1936 1156 2015 ψεὺςεσὺυι.

284 2117 364 2204 Ρυς.
391 2116 467 2182 321.
493 2113 568 2181 ἔοικε
592 2115 623 2180 δὲ
646 2115 688 2180 τοῦ
713 2116 797 2194 μετὰ
822 2122 926 2180 τοιῦτοι
948 2117 1102 2195 γενόμενος
1125 2116 1180 2190 την
1200 2116 1330 2187 Πίσωνος
1351 2118 1429 2190 οίλη-

240 2224 363 2303 terim
396 2231 491 2288 ποιεῖν
523 2221 693 2303 ὑπόκρισιν.
735 2222 910 2303 Ἀπόκρισις
943 2223 1025 2288 nihil
1056 2222 1143 2288 aliud
1175 2228 1222 2289 est
1254 2244 1349 2308 quam
1382 2246 1428 2287 νο-

241 2352 387 2414 sponsum.
423 2329 521 2394 Recte
544 2329 675 2393 haberet
695 2329 756 2402 την
775 2329 960 2407 οὑπίΦΑσιν,
986 2334 1022 2394 ut
1045 2351 1118 2417 pag.
1145 2327 1243 2395 1700.
1268 2329 1334 2393 οὑδὲ
1353 2328 1429 2394 τοιὺ-

239 2461 293 2512 την
317 2438 487 2502 cicestra:
511 2437 564 2510 την
590 2432 760 2516 ἀπόφησιν.
810 2434 863 2501 Sic
887 2445 1032 2500 auctorem
1056 2459 1115 2500 esse
1133 2436 1216 2520 apud
1235 2435 1430 2520 Dionysium

239 2546 395 2609 sexcentis
430 2542 508 2607 locis
542 2547 651 2606 contra
686 2563 782 2607 usum
817 2541 968 2607 Veterum
1004 2543 1121 2606 dicitur
1153 2543 1336 2622 ὑποφαίνειν
1364 2541 1430 2607 fere

239 2671 363 2734 semper
393 2669 467 2713 cum
499 2646 675 2723 infinitivo,
706 2647 825 2714 veluti:
858 2671 916 2711 ιιοιι
945 2657 1058 2712 centum
1082 2649 1135 2710 scd
1156 2648 1372 2733 quinquaqinta
1395 2649 1429 2711 νἰι

196 2751 199 2756 ’
239 2755 377 2818 Senatum
408 2755 528 2817 allectos
559 2760 693 2818 auctores
723 2761 808 2831 sunt,
844 2756 875 2818 οὑ
905 2754 968 2833 γὺις
993 2755 1101 2839 ἑκοιτὺν
1126 2755 1213 2818 οίλλοὺ
1238 2755 1429 2830 πεντήκοντοι

238 2862 308 2932 τοὺς
352 2857 586 2930 ἐπεισελθόντας
628 2861 671 2931 είς
713 2862 768 2935 την
808 2860 922 2938 βουλὴν
958 2860 1238 2942 ὑποψοιίνουσι
1273 2849 1426 2941 γενέσὺοιι.

238 2989 313 3055 ρος.
339 2964 427 3029 334.

284 3144 363 3231 Pag.
401 3141 477 3208 328.
504 3140 538 3218 ἦν
563 3143 593 3208 ὑὲ
619 3145 722 3216 οοὺτοῖς
748 3145 800 3208 οὑκ
825 3148 957 3222 εὑπετης
984 3150 1000 3222 ἦ
1030 3148 1101 3224 πρὸς
1126 3148 1175 3211 τὸν
1199 3146 1331 3227 χοίροικοο
1355 3151 1431 3213 οίνοι-

240 3253 372 3333 χὺρησις
404 3250 532 3315 cintii*
564 3253 683 3333 ὑψηλοῦ
715 3275 750 3314 τε
781 3253 892 3344 χοιρίον
916 3254 968 3317 κοιὺ
994 3254 1044 3318 ὑιοὺ
1070 3255 1171 3328 κοίλης
1196 3253 1261 3318 ὑὺοὑ
1288 3241 1431 3331 διωκομέ-

240 3381 309 3429 νοις.
358 3357 395 3422 In
426 3356 581 3422 Urbinate
613 3359 709 3434 „unte
739 3358 857 3430 ὑψηλοῦ
892 3359 1012 3444 aliquid
1044 3360 1196 3437 ονοοιοιιι,”
1229 3363 1264 3424 in
1299 3364 1431 3426 caeteris

240 3464 361 3552 legitur
384 3463 446 3528 οίπὺ
470 3466 661 3543 κοιὺυψηλοῦ.
697 3462 779 3528 Vera
800 3463 895 3529 lectio
916 3472 964 3530 cst
984 3466 1175 3547 οὶνοιχοίρησις
1201 3469 1284 3531 κοιὺ’
1310 3468 1430 3547 ὑψηλοῦ

218 3595 276 3636 ·τε
305 3570 435 3650 χορίου,
467 3571 503 3634 in
534 3567 653 3633 talibus
684 3571 770 3633 enim
795 3568 880 3634 κυτιί
903 3573 1049 3656 ponitur,
1075 3579 1114 3637 ut
1135 3595 1209 3660 ροις.
1234 3568 1309 3640 929.
1338 3575 1431 3659 (Anio

233 3677 362 3762 fiumen)
387 3678 455 3740 καθ’
480 3676 600 3753 ὑψηλοῦ
624 3673 719 3746 πολὺς
746 3675 889 3756 ε’κχεῑτοιι
913 3677 1074 3742 σκοπέλου.

287 3855 366 3942 Peg.
401 3851 475 3918 328.
509 3851 620 3918 Sabini
646 3853 822 3920 deliberant
845 3855 968 3935 πότερον
992 3857 1167 3922 ἀποίσουσιν
1192 3857 1243 3921 ε’π’
1268 3857 1346 3923 οίκου
1371 3860 1431 3932 τοὶς

241 3961 386 4035 ὑυνοίμεις
411 3960 485 4035 ἢ-
500 3965 716 4040 προσμενοῦσιν
736 3967 935 4041 λιποοροῦντες
957 3960 1011 4034 ἕως
1027 3964 1061 4026 τὸ
1079 3963 1226 4032 κοίλλιεον
1243 3966 1430 4039 ἐπιίήσΩΕΙ

241 4071 284 4150 τῷ
308 4064 433 4145 πολέμῳ
457 4065 576 4144 κροίτος.
623 4067 795 4134 Manifesto
815 4069 1003 4134 mendosum
1028 4076 1075 4134 est
1101 4072 1286 4136 ἀποίσουσιν.
1323 4072 1431 4136 Kiess-

242 4174 313 4259 ling
345 4171 549 4236 οίπολὺσουσιν
573 4176 715 4238 coniecit.
764 4172 825 4238 Sed
840 4175 996 4267 ἱοὶπολυέιν
1019 4177 1166 4241 dimittere
1189 4202 1208 4240 ο
1230 4200 1291 4242 cese
1314 4173 1432 4244 dicitur

189 4324 191 4328 ψ
244 4281 298 4364 qui
321 4280 389 4363 ipse
414 4276 483 4342 loco
506 4285 624 4344 manet.
661 4279 799 4344 Unicum
824 4281 956 4345 verbum
980 4284 1026 4347 rei
1047 4288 1157 4367 aptum
1179 4291 1225 4348 est
1246 4284 1430 4362 ὑποίξουσιν.
1480 4313 1481 4317 ’

243 4385 452 4472 Ἐπιὺησῼςί
476 4384 568 4451 foeda
592 4392 639 4452 est
663 4387 832 4453 barbaries.
869 4389 1009 4455 Annctat
1028 4388 1209 4478 Kiessling:
1232 4440 1249 4470 „
1259 4394 1432 4471 ἐπιθήσουσι
