3076 5004
811 283 855 359 ol

237 475 323 549 docti
345 477 487 546 rhetores
510 479 587 566 quid
611 468 692 547 esset
716 480 818 548 θέσθαι
843 483 886 550 τῖε
910 479 1008 552 drzu.
1051 478 1229 551 Credebant
1251 503 1318 550 esse
1342 480 1430 563 θέμε-

236 610 282 660 νος
313 587 355 652 τα
388 581 472 651 θπλα
505 587 590 672 opud
618 587 868 656 Demosthenem
888 612 962 680 pag.
992 589 1067 656 561.
1090 589 1143 655 23.
1169 593 1357 672 περιθέμενος
1384 591 1429 655 τῖε

236 688 322 761 ὅπλα
344 692 397 758 καῖ
418 692 642 772 ὁπλισάμενος,
662 700 700 760 ut
718 697 945 782 interpretetur
962 696 1194 783 Harpocration
1212 699 1246 762 iu
1265 720 1295 765 v.
1322 697 1429 778 Quem

235 801 379 865 risissent
410 801 619 866 Athenienses
650 804 771 888 siquis
794 803 926 869 dixisset
956 802 1071 883 θέμενοι
1097 803 1140 869 rai
1164 798 1249 870 θπνια
1272 813 1404 888 προῆγον
1416 851 1426 882 ,

236 927 317 995 quae
338 907 422 972 inter
444 927 478 972 se
501 912 654 995 pugnent

280 1117 361 1206 Pag.
387 1115 464 1181 455.
489 1113 547 1185 θέτε
571 1118 614 1191 εἷς
638 1117 755 1199 δάκρυα
776 1127 938 1199 προπεσεῖν
957 1115 1104 1192 ἅπαντας
1125 1120 1177 1186 καῖ
1200 1120 1317 1195 πολλὴν
1338 1118 1427 1199 νῖςορ-

236 1223 311 1303 γθαν
345 1231 599 1302 κατηγορεῖν
631 1231 716 1306 σφῶν
749 1251 783 1290 τε
817 1228 917 1291 αὐτῶν
946 1226 999 1293 καὶ
1024 1233 1082 1291 τῶν
1107 1227 1273 1305 ηγερεθνυν.
1320 1224 1426 1290 Nemo

234 1329 387 1395 Veterum
419 1351 574 1415 umquem
603 1332 638 1394 in
668 1331 854 1397 huiusmodi
884 1353 918 1399 re
942 1336 1109 1419 usurpavit
1131 1334 1266 1401 uerbum
1289 1354 1426 1410 κατηγο-

235 1443 305 1516 ρεῖν.
361 1432 526 1502 Constanti
558 1441 591 1502 et
625 1438 882 1524 frequentissimo
917 1460 979 1504 usu
1012 1460 1121 1506 omnes
1155 1437 1425 1517 καταγιγνώσκειν

234 1541 389 1608 dicebaut.
449 1541 567 1608 Multis
603 1541 675 1608 aliis
702 1543 813 1609 modis
848 1545 1006 1628 sequiores
1039 1547 1074 1608 in
1108 1547 1206 1611 verbo
1240 1550 1424 1622 κατηγορεῖν

233 1647 423 1732 peccabant,
455 1650 592 1732 pessime
623 1654 731 1714 eutem
754 1651 788 1714 in
812 1669 848 1714 eo
871 1649 956 1734 quod
978 1655 1228 1729 κατηγοροῦμαι,
1252 1649 1425 1729 κατηγόρη-

233 1779 312 1833 μαι,
344 1754 555 1835 κατηγορηθην
588 1754 735 1821 dicebant
766 1775 822 1841 pro
852 1778 934 1820 τεκνον
965 1778 1044 1833 cece,
1070 1757 1104 1820 ν’νε
1127 1757 1271 1822 iudicium
1293 1756 1423 1834 adduci,

234 1881 335 1948 quum
359 1863 402 1927 sit
424 1869 607 1942 κατηγορεῖν
628 1862 726 1926 dicere
749 1861 783 1926 νἰο
802 1884 902 1947 νουσα,
928 1862 1056 1927 crimino
1078 1863 1213 1929 cretione
1234 1862 1395 1948 σορθθοανο.

278 2074 358 2162 Peg.
385 2070 462 2138 459.
486 2071 697 2152 τυγχάνουσιν
720 2069 892 2153 οῖρεφθτεροι
916 2071 1073 2138 κατεῖπον
1097 2072 1189 2138 αὑτὸν
1212 2069 1318 2154 χρόνον
1341 2085 1424 2144 πλη-

235 2180 299 2260 γθιι
324 2179 474 2257 ε’ξαισθουε
499 2177 746 2258 ἘΞενέγκαντες
769 2180 842 2244 κατ’
865 2179 1020 2254 cinisium.
1057 2178 1307 2245 Rescribendum
1326 2178 1425 2242 ἘΠε-

235 2285 423 2366 νέγκαντες,
461 2287 536 2372 quie
571 2290 603 2351 et
637 2286 684 2351 rei
713 2287 795 2351 ratio
827 2292 859 2351 et
890 2287 1082 2352 consuetudo
1112 2284 1263 2370 loquendi
1292 2283 1423 2361 παηγαε

235 2391 391 2473 ἐπιφέρειν
413 2391 564 2478 postulat.
612 2391 701 2457 Idem
725 2393 843 2458 vitium
866 2393 901 2456 in
923 2393 1041 2459 uicinis
1062 2391 1179 2457 Reiske
1198 2389 1330 2456 sustulit
1347 2409 1424 2477 pag.

234 2496 312 2566 460.
344 2499 420 2577 μίαν
456 2497 501 2563 ἔτι
537 2499 663 2576 πληγην
698 2497 810 2579 καθρινν
845 2496 1010 2576 ἐξενέγκας
1045 2498 1230 2564 οὶποκτεθνει.
1278 2495 1425 2562 (louiecit

231 2605 349 2672 Reiske
392 2604 584 2683 ἐπενέγκας,
631 2603 716 2689 quod
748 2609 911 2690 receptum
947 2607 1097 2689 oportuit.
1157 2603 1277 2684 Καῖριοε
1312 2603 1424 2680 πληγή

231 2711 385 2800 Dionysio
426 2713 581 2777 usitatum
617 2715 665 2776 est
701 2710 821 2794 dicere,
857 2709 987 2776 Veteres
1022 2710 1213 2776 omittebant
1247 2711 1355 2790 πληγή
1389 2721 1424 2776 et

232 2819 343 2902 καιρθΑ
367 2818 524 2885 dicebant.

277 3029 358 3118 Peg.
383 3027 460 3095 460.
484 3029 553 3109 ὀροῖν
575 3028 626 3093 τὸν
649 3024 745 3093 ἄλλον
769 3025 868 3091 ου’κέτι
892 3027 1034 3109 καρτερὸν
1057 3029 1109 3094 τὸν
1131 3027 1231 3108 πέδον,
1252 3028 1424 3095 manifesto

231 3136 383 3202 mendose
412 3136 490 3201 haec
518 3137 676 3220 scripture
706 3138 763 3199 est.
812 3131 962 3213 Καρπερθι
998 3155 1055 3220 pro
1091 3134 1245 3215 ἐγκρατεῖς
1278 3136 1422 3221 positum

232 3263 320 3309 more
343 3244 474 3328 antiquo
497 3243 681 3330 genitivum
703 3242 855 3326 requirit,
879 3246 917 3306 ut
940 3262 1035 3326 supra
1057 3242 1264 3308 ostendimus.
1310 3241 1423 3327 Itaque

232 3350 455 3437 corrigendum
478 3349 620 3429 καρτερὸν
642 3353 700 3412 τοῖν
725 3347 830 3413 ποθῶν.
1325 3332 1329 3337 ’

277 3455 315 3520 In
344 3477 409 3542 sqq.
439 3455 502 3543 leg.
536 3459 640 3520 ταῦτα
671 3455 734 3537 (θη)
770 3452 930 3527 διανοηθεὶς
962 3457 1000 3528 οῖς
1032 3450 1101 3535 εἶχε
1130 3452 1249 3534 tolgane
1275 3452 1421 3535 ἔφευγεν.

231 3561 339 3651 Vulgo
364 3562 399 3637 δη
422 3564 578 3627 omissum
602 3563 705 3624 estet
728 3559 813 3625 mele
836 3562 1027 3646 transposita
1049 3566 1124 3625 suut
1147 3558 1264 3642 ἔφευγε
1290 3559 1422 3642 τάχους.

232 3672 295 3744 Ὡς
319 3664 390 3750 εἶχε
413 3667 531 3747 πάχους
556 3685 648 3750 saepe
671 3665 754 3750 apud
777 3664 971 3753 Dionysium
993 3666 1126 3755 legitur.

277 3880 358 3968 Peg.
390 3874 469 3942 460.
503 3880 608 3940 ταῦτα
642 3873 803 3949 διανοηθεὶς
827 3877 865 3946 ὣς
888 3872 974 3958 εἶχεν
999 3873 1118 3956 ἔφευγε
1140 3875 1268 3957 τάχους.
1318 3875 1421 3944 Scrib.

233 3992 339 4056 ταῦτα
373 3993 432 4050 ΔΗ
456 3981 630 4057 διανοηθείς.
677 3979 778 4068 Saepe
801 3983 835 4046 in
857 3983 909 4048 his
928 3984 1035 4049 verbis
1059 3983 1094 4058 δη
1118 3984 1241 4049 incuria
1266 3985 1423 4049 omissum

233 4095 289 4162 est'.
337 4091 587 4174 Nonnumquam
619 4109 658 4154 ex
689 4087 844 4154 Urbinate
877 4089 1052 4174 suppletur.
1100 4086 1154 4153 Sic
1185 4094 1217 4154 et
1243 4108 1316 4177 pag.
1342 4089 1421 4156 475.

231 4200 295 4288 leg.
327 4201 432 4263 ταῦτα
462 4205 520 4260 ΔΗ
544 4193 717 4269 διανοηθείς.
742 4201 774 4261 et
796 4216 869 4283 pag.
898 4195 973 4261 399.
998 4199 1104 4259 ταῦτα
1128 4195 1162 4268 θη
1190 4198 1259 4280 (pro
1284 4194 1327 4278 δέ)
1355 4196 1423 4260 δια·

230 4303 352 4381 νοηθεθρ.
384 4309 416 4369 et
437 4323 512 4391 pag.
537 4299 613 4366 590.
636 4307 742 4366 ταῦτα
769 4301 830 4388 (θη)
853 4301 1027 4377 διανοηθείς.
1054 4307 1087 4367 et
1110 4321 1182 4390 pag.
1209 4300 1284 4366 911.
1315 4307 1421 4368 ταῦτα

234 4414 296 4504 (δη)
319 4409 541 4491 διανοηθέντες,
566 4415 598 4476 et
620 4409 746 4496 saepius
768 4405 855 4474 alibi.
