3076 5004
788 230 833 312 44

219 432 414 520 συμφέρεται
450 434 501 502 ἐπὶ
536 435 571 501 τὸ
607 433 740 512 άμεινον.
802 435 1004 518 ΣνμΦέρεται
1040 447 1088 503 est
1122 433 1289 515 συμβαίνει
1326 423 1411 522 apud

218 543 308 609 Iones
333 543 480 630 quidem,
506 563 584 628 quos
606 542 721 607 lubens
744 541 920 630 Dionysius
943 545 1101 609 imitatur.

263 755 343 843 Peg.
381 751 457 821 273.
493 752 677 840 (Romulus)
713 752 928 832 παρεσκεύασε
965 755 1036 827 τοὺς
1070 753 1239 834 άνίρώπους
1276 752 1411 834 κράτιςοο
1443 841 1445 845 Ι

220 861 286 943 περὶ
320 863 389 925 θεῶν
420 859 525 939 λε’ρειν
548 884 583 924 τε
608 860 660 924 καί
685 864 803 942 Φρονεΐν
826 859 920 937 μκδὲν
945 863 1051 934 αὐτοῖς
1075 859 1312 942 προσάπτοντας
1336 860 1411 928 άνά·

218 965 280 1044 ξιον
316 967 509 1043 ἐπιτήδευμα
545 975 600 1040 τῆς
635 966 795 1046 μακαρίας
831 966 965 1049 φάσεως.
1025 967 1088 1032 Pro
1123 966 1255 1048 κράτνςα
1290 970 1412 1053 optime

219 1072 377 1140 Eusebius
407 1076 449 1139 cci
483 1071 633 1143 κάλλιςα.
691 1073 818 1140 (laeteri
847 1073 925 1138 olim
954 1077 1140 1160 turpissima
1162 1074 1318 1160 quaedam
1341 1073 1413 1140 Diis

219 1181 418 1249 tribuebant:

356 1285 520 1370 κλέπτειν,
545 1284 703 1365 μοιχεύειν
728 1284 840 1350 τεκαὶ
865 1286 1022 1362 άλλιίλους
1048 1284 1258 1354 άτασιίλλειν.

221 1391 364 1459 multum
386 1393 573 1481 indignante
596 1391 748 1470 Platone,
773 1392 828 1457 sed
851 1393 930 1458 clim
950 1393 1084 1459 meliora
1100 1392 1259 1460 Romulus
1277 1394 1412 1460 videret.

266 1588 361 1670 Ratio
392 1603 480 1691 fugit
509 1602 745 1691 Kiesslingium
760 1636 761 1639 ι
777 1624 878 1689 quum
906 1607 1070 1669 annotaret
1094 1603 1134 1668 ad
1157 1624 1232 1691 pag.
1257 1601 1334 1670 276.
1359 1602 1410 1668 ον’·

222 1734 297 1783 πονς
329 1734 364 1774 τε
394 1708 596 1789 περικείμενοι
620 1716 682 1781 τοῖς
707 1708 810 1786 ςήίεσο
824 1710 931 1775 -καί
959 1709 1111 1787 τύμπανα
1135 1715 1308 1791 κροτοῦντες
1333 1709 1413 1789 „rd-

124 1844 127 1848 ·
220 1841 295 1891 πονς
325 1816 375 1880 cic
398 1823 475 1881 recte
498 1816 692 1893 dictumest,
718 1816 868 1890 τυπεπούς
894 1817 1065 1881 dubitanter
1090 1816 1279 1885 Βαοοίιοῑοσ.”
1323 1816 1411 1882 Audi

219 1922 395 2010 Polybium
426 1921 530 1986 XXII.
563 1921 619 1986 20.
661 1922 792 1987 Γάλλων
825 1929 883 1987 τῶν
915 1923 949 1986 ἐκ
980 1927 1195 1995 Πεσσινοῦντος
1227 1922 1325 2001 ἱερέαν
1353 1930 1408 1998 τῆς

220 2029 334 2111 ματρὸς
358 2035 416 2094 τῶν
440 2031 511 2094 ίεῶν
535 2025 659 2109 ἔχοντες
685 2029 860 2109 προςνρίίδια
885 2031 937 2093 καί
962 2029 1087 2101 τύπους.
1112 2029 1196 2117 apud
1220 2027 1355 2094 Suidam
1376 2050 1409 2094 v.

219 2136 356 2211 Γάλλοι,
389 2137 444 2221 qui
476 2135 582 2200 addit:
614 2133 666 2200 καί
692 2126 776 2206 αὖθις
802 2134 977 2213 „dulcetus
1001 2136 1173 2209 νεανίσκους
1196 2134 1407 2210 διασκευάσας

219 2243 263 2313 είς
286 2244 426 2312 Γάλλους
440 2280 481 2291 -
496 2239 627 2322 ἔχοντας
652 2241 806 2317 τύμπανα
829 2242 881 2307 καί
907 2241 1054 2315 τύπους.”
1087 2241 1183 2328 Apud
1207 2241 1409 2309 Herodotum

218 2347 271 2413 IV.
307 2347 361 2416 76.
396 2349 410 2414 ί
439 2349 631 2430 Ἀνάχαρσις
656 2350 710 2423 τὴν
733 2350 819 2430 ὁρτὴν
844 2351 989 2417 ἐπετέλεε
1013 2360 1051 2434 τῇ
1080 2354 1133 2433 θεῷ
1159 2352 1210 2440 (τῇ
1232 2353 1324 2431 μητρὶ
1348 2353 1407 2415 τῶν

219 2455 303 2536 θεῶν)
333 2453 487 2532 τιίμπανά
517 2479 553 2521 τε
583 2452 663 2536 ἔχων
687 2457 739 2521 καί
763 2457 968 2537 ἐκδυσάμενος
992 2456 1197 2543 άγάλματα,
1220 2458 1278 2523 ubi
1300 2458 1407 2537 άγοολ·

218 2560 322 2641 μάτια
344 2562 560 2649 reponendum
585 2563 731 2631 arbitror.

262 2773 342 2863 Peg.
366 2771 443 2842 277.
475 2772 489 2838 ί
515 2773 611 2846 πολὺς
636 2772 688 2839 καὶ
713 2773 947 2857 άφιλοσόφκτος
971 2771 1064 2856 ίχλος
1079 2811 1119 2824 -
1134 2781 1329 2858 καταφρονεῖ
1348 2782 1406 2842 τῶν

168 2859 178 2875 ’
217 2884 287 2949 θεῶν
318 2884 357 2954 ὡς
389 2882 418 2945 ἕν
450 2890 552 2963 πολλῇ
583 2881 805 2966 κακοδαιμονία
836 2883 1091 2959 κΤλινδουμίνοιν.
1138 2881 1267 2950 Veteres
1296 2904 1407 2950 omnes

215 3009 344 3055 summa
375 2986 550 3053 constantia
574 2987 700 3052 κυλίνδον
726 2992 757 3052 et
781 2987 964 3066 κυλίνδομαι
990 2988 1137 3054 dicebant
1161 3010 1235 3054 cum
1259 2991 1407 3056 omnibus

217 3095 417 3180 compositis,
451 3092 631 3170 ἓκκυλίνδον,
670 3093 864 3171 είσκνλίνδυ,
901 3093 1134 3178 κατακυλίνδα,
1171 3096 1404 3173 μετακυλίνδειν,

217 3198 414 3280 περικυλίνδο
459 3204 517 3264 cet.
575 3200 736 3266 Futurum
779 3206 826 3266 est
862 3203 974 3266 κυλίσοι
1009 3201 1209 3287 paenultima
1242 3202 1339 3290 longa
1374 3208 1407 3269 et

216 3310 353 3374 eoristus
384 3305 514 3372 ε’κύλισοι
546 3307 707 3394 (κυλῖσαι).
753 3305 959 3373 Pherecrates
991 3307 1075 3392 apud
1098 3305 1272 3374 Stobaeum
1294 3307 1404 3372 Floril.

199 3403 295 3479 ·116'.
323 3411 376 3478 12.

489 3521 554 3603 εἰκῇ
579 3519 616 3597 μ’
641 3519 756 3600 ἐπῆρας
778 3516 853 3584 ὄντα
877 3520 1064 3595 τηλικουτονί

487 3633 613 3698 πολλοῖς
638 3626 772 3703 ε’μοοντδν
796 3626 962 3705 ἕνκνλίσαι
987 3625 1183 3708 πράγμασιν.

257 3731 439 3799 Perfectum
469 3751 627 3817 nusquam
659 3731 742 3796 mihi
768 3731 900 3799 lectum.
949 3732 984 3797 ln
1011 3736 1135 3817 passivo
1159 3731 1346 3812 κεκύλισμαι
1371 3739 1404 3799 et

120 3894 123 3900 .
215 3839 373 3915 ἕκνλίσίκν
396 3845 429 3906 et
452 3838 686 3916 κνλισίιίσομαι.
732 3837 895 3905 Homerus
918 3839 957 3906 Π.
983 3849 1024 3903 Ψ.
1053 3837 1128 3904 394.

395 3944 491 4018 αὐτὸς
514 3945 539 4009 δ’
564 3946 597 4008 ἐκ
623 3944 735 4027 δίφροιο
760 3946 847 4026 παροδ
870 3945 979 4028 τροχὸν
1003 3943 1192 4023 ε’ξεκνλίσίκ.

259 4052 438 4140 Aeschylus
462 4053 496 4115 in
519 4051 689 4116 Prometheo
713 4073 760 4118 vs.
785 4050 840 4119 87.

464 4154 522 4240 ίτῳ
545 4158 644 4240 τρόπῳ
669 4161 756 4233 τῆσδ’
780 4159 989 4234 ἐκκυλισθήσει
1014 4158 1126 4240 τύχας.
1153 4165 1155 4168 ’

259 4268 426 4355 Sequiores
462 4262 612 4332 Graeculi
647 4287 685 4332 ex
722 4265 836 4330 κυλίσοι
873 4271 905 4331 et
940 4265 1068 4330 ἐκάλεσα
1104 4285 1223 4331 novum
1257 4286 1405 4352 praesens

214 4377 307 4448 κυλίοι
347 4379 380 4442 et
415 4373 562 4453 κυλίομοιι
596 4372 811 4462 procuderunt
845 4371 1007 4447 veteribus
1040 4371 1235 4438 inauditum.
1293 4371 1405 4461 Itaque
