3076 5004
736 251 804 326 hdo

171 444 330 513 habituum
349 465 517 534 umquam:
538 452 646 515 tamen
666 448 742 515 vivo
761 446 1205 537 mueyeee'nenatrabatur
1222 454 1270 522 ibi
1285 457 1362 521 Ἀλ·

172 555 252 617 κίνου
275 555 418 639 τέμενος,
443 561 475 621 et
497 557 625 621 videtur
647 557 769 620 Aeneas
793 558 826 620 in
849 555 985 624 Thracia
1006 561 1136 645 perinde
1159 562 1215 635 rte
1236 561 1359 627 Αίνειαν

172 660 347 725 condidisse
366 667 403 725 ut
422 665 456 726 in
477 662 572 728 ltalia
592 661 782 727 Philoctetes
799 662 935 749 Sybarin
956 674 988 730 et
1003 666 1109 751 Epeos
1124 667 1359 753 Metapontum.

215 765 303 830 Hinc
332 769 405 850 pius
435 769 576 845 Aeneae,
609 771 637 833 si
661 768 737 852 quid
761 767 914 854 Dionysio
938 770 1097 838 credimus
1122 793 1195 860 pag.
1223 771 1299 838 125.
1325 775 1359 837 in

171 871 309 936 insulam
338 872 456 938 Delum
488 874 560 939 vela
592 875 680 939 dedit
710 873 762 938 καὶ
794 868 827 947 ἦν
860 877 965 940 πολλοὶ
990 886 1106 953 σημεῖα
1131 879 1161 941 ἓν
1185 877 1357 959 halaprie

171 978 289 1043 Αίνείου
319 1002 355 1042 τε
385 981 436 1044 καί
469 979 578 1060 Τροίων
609 980 790 1061 παρουσίας.
837 981 959 1047 Deinde
987 981 1126 1069 Cythera
1150 989 1181 1049 et
1204 983 1359 1069 Pelopon·

170 1087 239 1149 nesi
270 1104 357 1149 oram
389 1091 421 1151 et
451 1085 651 1172 Zacynthum
683 1092 716 1152 et
739 1085 918 1153 Leucadem
942 1094 974 1153 et
997 1089 1202 1155 Ambraciam
1225 1090 1303 1154 visit
1326 1095 1359 1155 et

172 1189 337 1255 oraculum
357 1191 508 1257 Dodonae
528 1191 687 1257 consuluit
710 1197 742 1258 et
765 1193 883 1279 ubique
907 1196 958 1259 sui
981 1200 1189 1260 monumenta
1210 1194 1358 1280 reliquit:

171 1294 320 1360 Dodonae
355 1306 506 1375 κρατῆρας
542 1301 684 1378 χαλκοῦς
720 1294 758 1361 ὧν
793 1297 871 1369 τινὲς
907 1295 952 1361 ἔτι
987 1300 1131 1380 περίεισιν
1162 1300 1357 1383 ἐπιγραφαῖς

171 1400 253 1465 ποίνυ
276 1400 429 1483 οίρχαίαις
455 1402 560 1489 (facile
584 1403 757 1483 credimus)
781 1402 948 1478 δηλοῦντας
966 1405 1035 1476 τοὺς
1056 1405 1237 1479 ἀναθέντας.
1273 1405 1358 1472 Tum

170 1527 257 1572 mare
289 1506 514 1573 Hadriaticum
545 1510 689 1586 traiecit,
714 1508 754 1574 ad
778 1508 931 1597 Iapygiae
954 1515 1209 1595 promontorium
1234 1511 1359 1598 appulit

170 1613 293 1698 aliaque
324 1613 437 1678 Italiae
460 1614 539 1695 ,ioca
568 1614 648 1679 litus
682 1614 793 1701 legens
828 1636 929 1700 usque
962 1616 1002 1681 ed
1037 1616 1157 1682 fretum
1189 1615 1356 1695 Siculum,

171 1719 242 1799 ίχνη
278 1721 347 1785 τινα
383 1722 439 1784 κοίν
474 1720 593 1792 τούτοις
629 1721 848 1799 ὑπολιπόμενος
885 1730 946 1794 τοῖς
983 1720 1088 1792 τόποις
1124 1731 1179 1798 τῆς
1218 1721 1355 1804 ἀφίξεως

171 1827 259 1890 ἄλλοι
290 1850 326 1890 τε
353 1826 405 1890 καί
436 1826 556 1908 φιοίλην
586 1835 714 1908 χαλκῆν
745 1828 774 1891 ἕν
803 1825 901 1907 Ἥρας
933 1828 996 1909 ἱερῷ
1032 1828 1200 1914 (Laetitiae,
1233 1827 1354 1915 opinor)

172 1934 333 2014 ἐπιγραφῇ
369 1934 521 2007 δηλοῦσαν
556 1935 677 2017 οίρχαίρι
713 1935 804 2019 (quid
837 1932 979 1999 mirum?
1013 1937 1118 2019 primo
1150 1955 1190 2001 an
1220 1934 1357 2001 secundo

172 2060 253 2104 anno
287 2046 358 2124 post
393 2037 522 2105 Troiam
558 2047 684 2125 captam
720 2043 861 2126 scripta.)
896 2045 948 2105 τοῦ
985 2041 1194 2119 δωρησαμένου
1227 2051 1265 2122 τῇ
1303 2043 1355 2120 θεῷ

171 2147 291 2211 Αίνείοο
321 2145 465 2223 τοῦνομα.
513 2145 598 2211 Hinc
629 2146 669 2211 ad
693 2144 838 2210 Siciliam
861 2146 951 2211 flexit
972 2148 1050 2224 iter,
1073 2147 1112 2212 ad
1134 2146 1281 2232 Drepana
1304 2168 1357 2232 ap·

171 2252 272 2338 pulit,
298 2253 377 2318 duae
399 2253 493 2317 urbes
517 2252 657 2317 condidit
680 2253 854 2338 Aegestam
879 2259 912 2316 et
934 2251 1071 2338 Elyma,
1097 2252 1280 2336 templaque
1300 2262 1356 2328 τῆς

172 2359 327 2431 Αίνειοίδος
352 2359 536 2440 ’λφροδίτης
561 2360 685 2443 posuit;
709 2358 784 2422 inde
806 2357 935 2422 ltaliam
957 2361 1053 2443 petiit
1060 2379 1069 2436 ς
1095 2361 1201 2444 portui
1228 2358 1357 2424 Palinu-

170 2487 261 2542 rum,
293 2464 416 2530 insulae
448 2465 651 2539 Leucadiam,
682 2467 897 2548 promontorio
929 2463 1110 2548 Misenum,
1135 2463 1258 2530 insulae
1281 2464 1356 2530 Pro·

171 2571 316 2657 chytam,
352 2571 444 2637 altari
474 2573 690 2657 promontorio
717 2567 867 2635 Gaeetam
889 2590 1005 2635 nornen
1028 2571 1163 2648 indidit,
1188 2576 1226 2634 ut
1249 2592 1358 2656 quem·

171 2697 232 2762 que
262 2698 392 2743 suorum
423 2685 526 2743 morte
557 2679 712 2742 amissum
743 2678 778 2740 in
807 2677 848 2740 iis
879 2674 957 2741 locis
984 2675 1127 2760 sepeliit:
1153 2685 1356 2750 τελευτῶντες

172 2782 202 2847 δὲ
232 2784 432 2864 ἀφικνοῦνται
457 2791 512 2856 της
538 2784 680 2855 Ἰταλίας
705 2783 748 2855 είς
774 2783 927 2862 Λωρεντὸν
951 2779 1021 2844 ἔνθα
1045 2791 1100 2857 τῆς
1121 2784 1240 2858 πλοίνης
1263 2783 1358 2850 ἐπαύ-

171 2913 264 2953 σαντο
288 2911 362 2976 pag.
390 2889 464 2954 136.

216 2995 294 3076 Quis
325 2999 428 3083 igitur
458 2995 498 3059 ad
529 2996 606 3061 haec
636 2995 675 3061 de
705 2996 829 3059 Aeneae
860 2998 892 3059 et
921 2993 1129 3059 Troianorum
1160 2997 1194 3059 in
1226 2994 1355 3060 Italiam

170 3103 309 3168 adventu
339 3102 486 3167 dubitare
516 3095 637 3186 possit?
667 3109 722 3176 τῆς
746 3102 772 3165 δ’
797 3101 839 3171 είς
864 3101 1007 3165 Ἰταλίαν
1030 3101 1148 3164 Αἰνείου
1171 3100 1223 3165 καί
1246 3104 1355 3182 Τρώων

170 3206 306 3286 οίφίξεως
340 3207 491 3284 Ῥωμαῖοί
523 3230 558 3270 τε
593 3204 709 3278 ποίντες
744 3206 922 3285 βεβαιωταὶ
959 3207 1011 3270 καί
1048 3206 1091 3269 τοὶ
1125 3205 1262 3285 δρώμενα
1304 3209 1355 3271 ὑπ’

171 3316 270 3379 αὐτῶν
302 3312 331 3378 ἔν
363 3337 398 3377 τε
430 3313 546 3385 ίνσίαις
578 3314 630 3377 καὶ
655 3314 772 3393 ἑορταῖς
796 3314 987 3391 μηνύματα,
1014 3312 1176 3390 Σιβύλλης
1201 3337 1236 3378 τε
1259 3313 1356 3390 λίγια

171 3420 223 3484 καί
255 3419 388 3499 χρησμοί
421 3417 545 3483 Πυθικοὶ
577 3417 628 3482 καί
654 3416 742 3483 aare
767 3419 887 3499 πολλοί,
915 3417 952 3484 ὧν
978 3421 1030 3484 οὐκ
1056 3417 1093 3484 σίν
1116 3442 1163 3494 τις
1187 3422 1225 3492 ὡς
1253 3421 1358 3500 εὐπρε-

171 3526 262 3598 πείας
285 3522 375 3591 ἕνεκα
399 3522 607 3604 συγκειμένων
633 3525 773 3606 ὑπερίδοι.
798 3548 871 3615 pag.
901 3526 977 3591 124.

217 3736 325 3804 Multo
354 3737 406 3802 his
439 3739 573 3803 certiora
604 3736 783 3801 existimari
805 3738 927 3821 possint
950 3757 1030 3822 quae
1054 3737 1165 3803 scribit
1186 3734 1360 3825 Dionysius

171 3864 246 3931 pag.
280 3842 356 3908 190.
389 3843 546 3930 indagans
577 3863 697 3907 annum
727 3862 789 3927 quo
818 3841 922 3907 Roma
953 3843 1080 3908 condita
1102 3843 1218 3921 fuant,
1242 3844 1360 3910 vidisse

172 3970 239 4014 sese
261 3954 484 4012 Commentarios
507 3953 661 4012 Οααοοτνοα
683 3947 737 4036 (τίς
756 3947 937 4024 καλούμενα
951 3948 1103 4025 τιμητικοδ
1117 3948 1358 4036 ὑπομνήματα),

173 4076 251 4141 quoa
281 4053 423 4120 familiae
453 4051 575 4118 nobiles
606 4059 772 4139 tamquam
805 4072 893 4118 sacra
916 4055 1004 4120 avita
1027 4053 1176 4142 religiose
1200 4062 1360 4122 servarent

174 4153 208 4245 (ίδ
239 4160 421 4239 διαδέχεται
453 4168 528 4231 παῖς
564 4160 650 4239 παροδ
682 4160 795 4238 πατρὸς
826 4157 880 4224 καὶ
904 4159 971 4237 περὶ
996 4165 1112 4222 πολλοῦ
1137 4169 1271 4227 ποιεῖται
1295 4168 1358 4233 τοῖς

173 4265 243 4344 μεθ’
276 4267 383 4331 ἑαυτὸν
415 4266 564 4341 ἐσομένοις
589 4261 689 4342 ὥσπερ
714 4265 780 4344 ἱεροὶ
804 4266 934 4345 πατρῷοι
959 4262 1174 4345 παραδιδόναι·
1198 4268 1305 4333 πολλοὶ
1330 4267 1359 4333 δ’

175 4372 248 4438 εἰσίν
280 4371 342 4437 οίπδ
374 4379 433 4438 τῶν
462 4378 629 4450 τιμητικῶν
660 4370 747 4436 νίκων
776 4369 882 4455 ἄνδρες
906 4371 931 4435 οί
957 4369 1224 4454 διαφυλάττοντες
1248 4373 1360 4466 αὐτοί).
