3076 5004
698 310 760 379 181

184 501 340 570 Continuo
371 504 530 590 sequitur:
563 503 588 568 οἱ
618 501 676 582 μέν
706 527 746 581 γε
778 500 929 579 πατρίκιοι
943 500 1047 566 -τθν
1072 499 1236 579 ἐπιβαλεῖν
1260 507 1322 574 τοῖς

138 611 301 700 ὑπηρέταις
326 614 530 689 τολμήσαντα
555 608 640 674 κατα
664 612 794 690 κρημνοῦ
815 605 950 687 βοίλλειν
971 607 1078 684 ήξίονν.
1114 606 1205 687 Quod
1223 610 1324 673 conie-

138 738 243 783 ceram
266 721 433 804 occupavit
455 717 571 783 Reiske
595 718 645 781 τὸν
669 714 835 794 ἐπιβαλεῖν
860 715 932 800 (τοῖς
956 714 1080 800 χεῖρας)
1107 715 1323 793 τολμήσαντα.

138 822 238 910 Saepe
262 825 389 908 pulsare
411 825 529 891 dieitur
551 823 609 896 τοῖς
633 829 744 904 χεῖρας
766 820 970 906 ἐπιβάλλειν,
996 820 1189 901 ἐμβάλλειν,
1213 819 1326 897 ἐπιφέ-

138 953 198 1009 ρειν
221 934 253 995 et
276 929 466 1011 προσφέρειν.

185 1044 296 1117 Χεῖρας
321 1035 473 1119 ἐπιφέρειν
495 1035 617 1123 legitur
638 1057 711 1123 png.
737 1034 836 1100 1998.
862 1042 971 1116 χεῖρας
997 1034 1176 1111 ἐπήνεγκεν.
1200 1036 1232 1098 et
1251 1054 1325 1122 pag.

140 1142 239 1207 1893.
266 1141 417 1225 δήμοίρχῳ
435 1151 544 1225 χεῖρας
565 1144 742 1220 ἐπήνεγκεν.
764 1147 872 1223 Χειροῖν
892 1140 1041 1220 ἐπιβολαί
1059 1145 1108 1205 est
1126 1161 1200 1227 pag.
1225 1140 1323 1206 2018.

140 1248 239 1317 2079.
266 1249 363 1317 1684.
388 1255 419 1316 et
442 1271 516 1337 pag.
544 1248 640 1314 1389.
666 1249 789 1326 ὠθισμοί
811 1273 847 1313 τε
870 1249 922 1313 καὶ
945 1252 1054 1327 χειροῖν
1079 1247 1236 1324 ἐπιβολαί.

185 1354 366 1432 timidulus,
399 1362 437 1420 nt
467 1355 576 1439 vides,
600 1376 664 1420 non
687 1355 832 1420 additur:
858 1354 1065 1439 quamobrem
1089 1354 1231 1439 suspicor
1252 1353 1327 1418 Dio·
1418 1379 1421 1385 ²

139 1462 271 1549 nysium
293 1483 377 1526 nunc
401 1482 525 1548 quoque
549 1463 726 1546 scripsisse:
749 1460 800 1526 τὸν
824 1460 958 1547 (χεῖρας)
984 1458 1149 1549 ἐπιβαλεῖν
1169 1467 1232 1531 τοῖς
1253 1458 1327 1534 ὑπή-

140 1567 241 1649 ρέταις
265 1570 482 1646 τολμήσαντα.

185 1807 267 1897 Peg.
298 1808 408 1876 1854.Ι
429 1803 463 1885 ήν
495 1813 521 1877 οἱ
552 1817 695 1890 Ῥωμαῖοι
728 1806 926 1893 κυριοέτήν
960 1814 1118 1878 καλοῦσιν.
1154 1810 1222 1877 imo
1252 1829 1327 1877 vero

139 1939 300 1996 κονριατιν.

183 2142 261 2231 Peg.
299 2143 396 2208 1856.
429 2143 480 2207 καί
514 2144 827 2222 ΚΛΤΛθορυβοῦντεο
852 2145 922 2218 τοὺς
947 2144 1224 2223 οῖπολογονμένους.
1272 2143 1326 2210 Sic

140 2248 312 2338 Kiessling.
347 2250 447 2314 edidit
478 2269 534 2335 pro
564 2248 721 2314 librorum
751 2253 908 2336 seriptum
930 2250 982 2315 καί
1008 2251 1219 2335 θορυβοῦντες,
1245 2251 1329 2337 qnod

139 2376 201 2422 non
231 2362 298 2421 eret
327 2356 396 2422 loeo
426 2356 631 2422 movendum.
678 2355 802 2441 Nempe
834 2358 992 2443 sequiores
1024 2356 1171 2421 dicebant
1194 2358 1329 2437 θορυβεῖν
1380 2359 1383 2366 ’

140 2459 226 2545 τινοί,
261 2467 299 2527 nt
333 2461 491 2541 τασιοίζειν
528 2462 583 2536 τήν
614 2460 712 2526 πθλιν.
743 2483 818 2549 pag.
855 2458 952 2527 1934.
987 2461 1173 2543 ἐθορύβησαν
1198 2463 1254 2540 μὲν
1280 2460 1328 2529 οὖν

141 2568 248 2642 ἱκανῶς
271 2569 326 2642 τήν
350 2569 449 2634 πόλιν.

182 2794 263 2881 Peg.
301 2793 398 2862 1857.
433 2796 540 2861 locum
574 2797 796 2880 perturbatum
827 2795 873 2859 sie
903 2796 1157 2881 componendum
1184 2818 1251 2863 esse
1274 2819 1324 2863 ex·

140 2901 264 2966 istimo:
289 2902 358 2967 οθτε
383 2911 537 2968 λιτανεῖαι
562 2903 632 2967 θεοῖν
648 2940 688 2952 -
701 2901 772 2968 τίτε
792 2901 1007 2982 προσωφέλουν
1027 2900 1119 2965 οθΤΕ
1139 2901 1235 2982 τέχνη
1256 2902 1326 2969 οὔτε

141 3004 219 3071 ι’ίλλο
243 3032 272 3072 τι
298 3015 355 3072 τῶν
379 3008 541 3074 δοκούντων
566 3009 721 3092 κουφίζειν
744 3009 799 3082 τήν
823 3007 917 3074 νθσον.

183 3234 263 3322 Peg.
297 3233 393 3301 1861.
425 3243 488 3307 τοῖς
517 3234 646 3309 ὑποίτοις
670 3234 794 3316 φροντὶς
815 3234 907 3315 είσήει
932 3232 985 3298 καί
1008 3234 1156 3311 λογισμὸς·
1181 3230 1260 3307 ὅπως
1285 3235 1324 3302 οῖν

141 3345 229 3407 -τῖ
254 3340 400 3419 ςασιοίζον
426 3339 574 3423 ἐξαιρεθῇ.
621 3339 751 3408 Soloeca
774 3343 875 3406 oratio
897 3345 945 3406 est
968 3360 1024 3425 pro
1048 3340 1222 3419 ἐξαιρεθείη.

128 3588 131 3593 ’
184 3565 262 3632 Post
284 3587 384 3652 penes
405 3569 439 3631 in
463 3567 586 3632 verbis:
611 3568 636 3631 εί
660 3566 692 3632 δέ
715 3591 794 3638 τινες
815 3567 1096 3640 ἐ’ναντιοθήσονται
1122 3566 1212 3648 σφίσι
1242 3567 1327 3655 (πρὸς

140 3694 204 3739 om.
235 3673 373 3739 Urbinas
397 3695 415 3739 a
438 3696 483 3759 pr.
506 3672 565 3760 m.)
590 3673 633 3738 τα
656 3669 762 3750 θτλα,
788 3693 883 3757 supra
906 3673 1101 3737 ostendimus
1124 3692 1237 3739 rerum
1262 3696 1329 3742 esse

141 3777 271 3844 έναντίΑ
298 3780 437 3854 θήσονται
461 3778 551 3862 σφίσι
575 3780 617 3845 τοὶ
642 3776 738 3844 ὅπλα.

185 4005 265 4094 Peg.
292 4003 390 4072 1863.
415 4009 530 4083 πρῶτος
554 4005 760 4081 αῖτιρσοίμενοο
787 4004 867 4088 [τὸν]
892 4001 995 4080 λόγον.
1032 4004 1109 4084 Quis
1129 4007 1208 4073 ferre
1224 4011 1327 4095 potest

141 4112 313 4177 articulum
343 4112 488 4177 additum
518 4110 625 4176 verbis
657 4113 809 4176 αἰτεῖσθαι
843 4109 951 4188 λόγον,
984 4109 1181 4186 μεταδιδόναι
1213 4114 1316 4194 λόγον,

141 4218 235 4296 λθγου
268 4227 376 4300 τυχεῖν
400 4224 432 4283 et
454 4213 549 4282 sim?
583 4215 681 4282 Recte
705 4223 813 4283 contre
837 4219 892 4303 qni
916 4216 1039 4280 dicendi
1063 4214 1159 4283 finem
1183 4221 1259 4288 feeit
1276 4225 1324 4289 di-

141 4327 224 4389 eitur
253 4326 304 4390 τὸν
336 4325 429 4404 λόγον
459 4324 515 4388 τινί
548 4324 752 4404 παραδοῦναι,
786 4327 824 4387 ut
853 4343 927 4410 pag.
963 4320 1060 4388 1834.
1094 4323 1250 4403 παρέδωκε
1276 4330 1327 4399 τὸν

141 4430 233 4512 λθγον
252 4439 315 4506 τοῖς
339 4428 550 4512 συναγορεύειν
573 4428 780 4508 βουλομένοις.
