3076 5004
804 260 846 330 18

232 439 339 538 inepta
369 457 524 532 servavit3
554 475 692 540 namque
721 462 769 521 est
799 457 858 522 hoc
887 478 989 542 genus
1020 477 1163 520 errorum
1194 456 1419 542 perantiquum

233 565 265 624 11
287 562 321 624 in
344 561 572 625 vetustissimis
595 582 718 645 quoque
740 563 832 627 libris
854 561 933 626 talia
955 562 1266 627 circumferebantur.
1312 561 1421 627 Multo

233 668 331 731 etiam
354 665 448 751 plura
471 663 583 732 0111111
605 672 689 733 recte
712 673 949 752 expunxerunt3
976 669 1055 733 bene
1078 668 1183 733 multa
1204 668 1422 756 Kiesslingius

232 791 360 836 summo
383 773 452 836 iura
478 771 655 850 „oeclaoit”.
690 772 752 838 Sed
774 773 880 839 multa
904 795 1028 859 semper
1051 777 1254 860 pertinaciter
1275 774 1422 839 adhaese·

231 883 323 955 runt,
348 898 428 962 quae
450 883 488 942 ut
510 878 614 943 malac
634 878 750 943 herbae
769 881 860 944 nobis
880 880 1043 946 evellenda
1063 885 1242 966 supersunt.
1278 879 1421 945 Perutile

231 989 279 1049 est
298 986 333 1048 in
353 1005 389 1049 ea
408 1006 443 1049 re
459 985 629 1050 sciolorum
649 991 681 1050 11
699 992 911 1051 correctorum
928 1007 1051 1051 morem
1069 992 1101 1051 11
1117 985 1257 1051 indolem
1276 988 1421 1051 11111111-

230 1088 428 1174 polationum
445 1097 594 1156 naturam
607 1091 760 1155 diuturna
775 1093 993 1158 observatione
1006 1095 1167 1178 cognitam
1180 1097 1212 1157 et
1223 1097 1421 1177 perspectam

229 1195 362 1273 habere,
381 1199 531 1282 quoniam
548 1200 581 1260 in
594 1196 694 1262 simili
706 1217 739 1261 re
750 1198 872 1262 similes
884 1198 1010 1263 fraudes
1022 1198 1197 1263 identidem
1213 1203 1377 1263 recurrunt
1390 1205 1422 1263 11

230 1301 330 1367 semel
349 1303 500 1388 deprensa
518 1303 604 1367 fraus
625 1303 696 1367 aliis
716 1309 810 1387 atque
828 1302 899 1368 aliis
916 1302 1062 1368 locisubi
1074 1303 1183 1368 eadem
1195 1303 1304 1368 1111111
1316 1324 1421 1368 emen-

231 1409 343 1474 dandis
363 1409 482 1475 claram
499 1399 605 1474 lucem
624 1409 769 1494 praefert.
796 1409 845 1473 Hx
864 1409 915 1473 his
933 1408 1069 1474 fallaciis
1088 1430 1189 1473 unum
1205 1431 1308 1496 genus
1319 1409 1421 1494 prola-

229 1518 272 1580 tis
291 1536 308 1579 e
326 1513 481 1601 Dionysio
502 1514 656 1600 exemplis
674 1517 795 1600 aperire
816 1520 848 1579 11
867 1515 1053 1597 redarguere
1073 1517 1174 1580 iuvat.
1211 1514 1326 1580 Editur
1347 1535 1419 1602 pag.

231 1621 282 1689 71.
315 1621 384 1692 τοὺς
415 1621 446 1685 δὲ
478 1621 646 1702 οίνθρύπους
679 1620 753 1692 τέως
776 1621 833 1699 μὲν
859 1621 915 1685 ὑπὸ
940 1628 995 1695 τῆς
1017 1621 1211 1701 φιλοχωρίας
1238 1621 1420 1706 [κρατουμέ-

230 1729 309 1812 νους]
343 1728 449 1797 πολλοὶ
475 1728 783 1808 διαμηχανήσασθαι.
810 1732 842 1792 11
866 1749 938 1814 pag.
967 1727 1045 1792 415.
1070 1729 1096 1792 oi
1121 1729 1151 1792 δὲ
1178 1728 1234 1791 ὑπὸ
1260 1728 1360 1802 λύπης
1384 1755 1418 1793 τε

229 1835 281 1899 καί
311 1834 496 1913 οίμηχανίας
527 1834 758 1917 [κρατούμενον]
790 1833 912 1913 ἑκουσίῳ
946 1835 1123 1914 χρύσασύαι
1158 1844 1289 1916 τελευτῇ
1326 1835 1420 1899 αὐτὸν

229 1941 364 2023 ἔφασαν.
396 1946 428 2006 11
458 1962 532 2028 pag.
565 1940 664 2006 1002.
698 1942 724 2005 εἰ
756 1940 809 2004 καί
840 1940 933 2017 μηδὲν
958 1939 1136 2019 ἐπεχείρουν
1161 1941 1263 2004 ε’κεῖυοι
1288 1945 1420 2005 τοιοῦτον

231 2050 283 2113 ὑπ’
317 2048 469 2128 αἰσχύνης
497 2045 723 2130 [κρατούμενοι]
748 2045 862 2123 λέγειν.
890 2049 921 2111 11
943 2067 1017 2132 pag.
1046 2045 1145 2110 1481.
1169 2050 1276 2109 ταῦτα
1300 2048 1419 2127 γὰρ*

230 2154 281 2220 διο1
312 2160 458 2235 φυλακῆς
483 2152 551 2233 ἔχει
578 2154 696 2224 Ἑλλὰς
712 2191 753 2200 -
768 2153 819 2214 καί
846 2151 927 2215 οὐδὲν
948 2152 1031 2226 οὶξιοί
1052 2159 1244 2229 καινοτομεῖν
1267 2153 1309 2224 είς
1335 2152 1420 2217 αὐτοὶ

231 2261 288 2327 ὑπὸ
324 2260 469 2339 δείματος
503 2258 718 2345 [κρατουμένη]
753 2257 934 2336 μηνιμοίτων
966 2257 1136 2335 δαιμονίων.
1169 2263 1200 2322 11
1235 2279 1308 2346 pag.
1344 2258 1418 2324 148.

232 2367 451 2447 ἐνθυμηθέντας
482 2368 519 2439 ὡς
545 2368 577 2431 ού
600 2365 656 2429 σὺν
680 2363 766 2445 ὕβρει
790 2366 866 2429 ἀλλ’
892 2363 942 2428 ὑπ’
966 2364 1107 2443 οένοίχκης
1131 2368 1238 2428 ταῦτα
1267 2363 1421 2450 [βιασθέν-

229 2480 295 2559 τες]
327 2476 494 2551 ἐποιοῦμεν.
544 2471 660 2537 Omnia
689 2472 767 2538 haec
797 2473 966 2556 participia
995 2471 1105 2535 futiles
1128 2468 1279 2536 Graeculi
1303 2472 1340 2536 de
1363 2491 1421 2536 suo
1528 2501 1531 2506 ·

229 2582 425 2649 addiderunt.
485 2579 589 2645 Nemo
630 2583 777 2645 veterum
817 2577 936 2641 talibus
971 2576 1078 2661 qualia
1114 2582 1189 2640 sunt
1225 2576 1282 2639 ὑπὸ
1318 2577 1440 2657 φόβου

232 2690 340 2776 (ποιεῖν
371 2694 432 2767 τι),
458 2685 515 2750 ὑπὸ
541 2685 660 2768 λιίπης,
687 2684 744 2749 ὑπὸ
768 2687 892 2763 χαροῖς,
919 2683 974 2764 ὑφ’
1000 2682 1123 2757 ἡδονῆς,
1153 2681 1206 2746 ὑπ’
1233 2685 1341 2767 ὁρμῆς,
1366 2685 1419 2747 ὑπ’

229 2795 383 2873 ἀθυμίας.
415 2794 467 2857 ὑπ’
499 2792 647 2872 ἀπορίας,
673 2794 726 2855 ὑπ’
750 2789 993 2870 οὶμηχανίας11
1017 2787 1080 2853 1111
1104 2794 1268 2873 sexcenta,
1292 2792 1421 2875 partici-

227 2906 320 2990 pium
353 2900 531 2966 adiicIebat.
579 2896 679 2982 Saepe
711 2896 795 2980 apud
825 2894 1019 2981 Dionysium
1052 2893 1174 2981 legitur
1208 2897 1274 2961 sine
1305 2897 1420 2962 mendo

229 3010 305 3096 (nisi
335 3006 419 3092 quod
451 3004 510 3069 ὑπύ
539 3023 779 3088 nonnumquam
810 3005 845 3065 in
876 3000 940 3063 οίπύ
970 3000 1179 3085 depravatum
1212 3001 1291 3086 est),
1316 3002 1421 3069 volti

226 3136 298 3202 pag.
325 3110 403 3178 226.
431 3111 487 3176 ὑπὸ
514 3109 590 3196 (αἰπύ
614 3110 730 3192 editur)
758 3110 857 3180 λύπης
883 3131 918 3170 τε
942 3108 995 3170 καί
1020 3107 1188 3184 μετανοίας
1214 3110 1321 3187 παρείς
1346 3111 1420 3174 ἑαυ·

226 3221 289 3286 τόν.
312 3240 385 3306 pag.
411 3216 485 3282 311.
513 3217 618 3282 πολλὰ
643 3214 760 3296 δοίκρυα
786 3217 840 3295 ὑφ’
866 3215 968 3288 ἡδονῆς
994 3215 1137 3295 οίφείσαι.
1163 3235 1237 3301 pag.
1264 3213 1339 3280 539.
1361 3216 1419 3279 ὑπὸ

225 3327 326 3401 λύπης
357 3331 501 3407 τελευτᾷ.
535 3344 610 3410 pag.
647 3321 723 3390 749.
755 3321 918 3402 ἐπέχαιρον
952 3320 1002 3384 ὑπ’
1035 3321 1182 3395 εὐηθείας.
1216 3342 1288 3408 pag.
1318 3320 1418 3387 2132.

228 3432 278 3498 ὑπ’
303 3431 422 3512 (aditur
443 3428 514 3510 ἀπ’)
539 3430 702 3509 ὀλιγωρίας
726 3433 779 3492 τοῦ
805 3433 901 3492 καλοῦ
916 3429 1105 3499 -πολλοὺς
1119 3429 1219 3499 -είς
1243 3429 1294 3492 τὸν
1319 3451 1419 3492 ποτα-

227 3539 284 3617 μὸν
310 3535 488 3615 ἐνέβαλλον.
536 3535 666 3600 Habent
689 3540 796 3600 autem
819 3534 879 3598 hoc
904 3533 994 3598 scioli
1016 3540 1055 3598 ut
1074 3535 1177 3600 sicubi
1197 3534 1256 3600 ὑπό
1276 3539 1331 3599 aut
1352 3537 1420 3601 sine

226 3646 323 3712 verbo
354 3648 410 3707 aut
442 3664 517 3707 cum
548 3641 645 3708 verbo
672 3646 784 3705 neutro
809 3639 881 3724 (ὑπό
904 3663 982 3712 τινος
1007 3640 1165 3714 κατιέναι,
1191 3638 1249 3702 ὑπό
1272 3664 1350 3709 τινος
1375 3642 1418 3714 είς

226 3751 260 3816 τὸ
292 3751 493 3829 δεσμωτήριον
527 3748 692 3830 ἐμπεσεῖν,
728 3751 785 3811 aut
819 3744 910 3832 sim.)
946 3749 1164 3831 componitur,
1202 3749 1313 3810 statim
1349 3769 1419 3833 par-

225 3859 373 3941 ticipium
406 3854 535 3938 aliquod
566 3855 707 3918 inserant
739 3852 776 3917 de
810 3872 876 3917 suo.
918 3850 1022 3931 Quam
1057 3852 1163 3916 multa
1196 3853 1419 3918 huiuscemodi

226 3964 342 4029 menda
365 3964 398 4026 in
422 3958 604 4034 Herodoto,
626 3958 833 4045 Thucydide,
854 3958 1004 4035 Platone,
1030 3957 1243 4032 Demosthene
1267 3959 1416 4024 refutavi·

224 4090 309 4135 mus.
333 4068 428 4152 Apud
443 4064 673 4151 Hippocratem
691 4068 725 4128 in
746 4064 938 4145 Ρνοραοε1ίοο
957 4063 973 4128 I
993 4085 1107 4128 verum
1128 4071 1175 4129 est
1196 4066 1416 4139 duodecicimum

227 4176 284 4241 ὑπὸ
320 4174 427 4252 ίοχύος
457 4180 513 4247 τῆς
546 4172 649 4256 νόσου,
676 4172 730 4237 sed
754 4171 852 4236 multi
875 4169 952 4234 libri
976 4169 1096 4234 addunt
1120 4170 1324 4249 κατεχόμενοι
1349 4194 1418 4257 per·

225 4286 350 4367 inepte,
380 4299 442 4343 non
474 4283 582 4344 tamen
612 4280 752 4362 ineptius
775 4298 871 4362 quam
895 4275 980 4360 apud
1003 4273 1226 4363 Thucydidem
1250 4277 1333 4344 VIII.
1359 4277 1413 4343 48.

226 4388 284 4454 ὑπὸ
314 4387 373 4453 τῶν
405 4383 529 4466 ἑταίρων
563 4375 804 4471 [παρακληθείς]
838 4380 995 4456 κοίτεισιν,
1030 4386 1063 4446 11
1096 4383 1131 4446 ln
1164 4381 1309 4449 Platonis
1340 4385 1416 4469 Jeep.
