3076 5004
732 256 795 342 iai

215 454 338 531 Iterum
362 463 418 542 μέν
441 465 561 530 excidit
579 486 655 552 pag.
680 464 779 532 1471.
806 465 1004 546 θαυμάσαιμι
1028 463 1056 530 θ’
1081 464 1121 531 ἀν
1143 457 1172 531 ri
1194 490 1273 540 τινες
1297 457 1355 538 τάς

172 571 295 660 (ΜΕΝ)
327 573 356 635 ἕν
386 580 449 643 τοῖς
481 571 627 648 πολθμοις
659 571 787 652 πράξεις
817 575 950 653 ἀκριβῶς
982 571 1092 638 οῖονται
1126 573 1186 638 δεῖν
1218 572 1356 653 ἀναγρά-

169 684 261 760 Φειν,
287 716 325 727 -
348 678 510 750 πολιτικάς
547 688 602 743 ΔΕ
639 680 769 754 κινήσεις
803 681 856 744 καῖ
891 679 997 753 ςάσεις
1032 680 1269 761 ἀναγράφοντες
1300 683 1354 748 οὐκ

170 784 282 852 ο7ονται
306 784 366 850 δεῖν
391 784 614 863 ἀπαγγέλλειν
638 780 691 851 καῖ
715 787 786 857 τοὺς
810 786 932 864 λόγους.

215 996 295 1083 Pag.
329 992 428 1063 1474.
459 994 552 1059 οὐθενὶ
585 995 725 1068 δηλώσας
757 991 856 1060 tros
887 996 940 1071 την
972 996 1168 1073 ἀπαλλαγὴν
1192 1000 1357 1074 ποιήσοιτο.

173 1101 276 1186 Turpe
307 1102 461 1166 mendum
491 1121 548 1186 pro
579 1097 676 1165 θπΟΙ.
725 1100 812 1167 Olim
836 1101 895 1166 hae
918 1103 1062 1168 maculae
1086 1123 1194 1168 omnes
1217 1105 1357 1194 abstergi

173 1209 365 1275 debuissent.
402 1203 533 1271 Constat
556 1210 641 1271 enirn
664 1210 748 1272 inter
770 1228 879 1272 omnes
901 1207 982 1272 hanc
1003 1229 1069 1274 esse
1092 1211 1241 1275 vitiosam
1260 1208 1358 1277 Grae·

173 1315 317 1380 culorum
342 1313 498 1385 σονήθειαν
521 1319 558 1377 ut
583 1318 640 1376 ποῦ
664 1333 720 1397 pro
744 1324 797 1378 ποῖ
819 1315 959 1379 dicerent
982 1320 1014 1379 et
1037 1317 1110 1379 sim.
1157 1315 1287 1382 Duriter
1306 1339 1358 1383 eos

173 1423 334 1505 increpant
357 1440 393 1484 eo
417 1422 544 1485 nomine
567 1419 771 1505 Phrynichus
797 1427 829 1484 et
853 1419 922 1486 alii.
971 1419 1090 1485 Tamen
1114 1421 1216 1486 adhuc
1239 1425 1358 1508 passim

173 1528 303 1613 impune
321 1532 466 1611 peceant,
484 1526 541 1589 ubi
557 1547 630 1590 suas
647 1526 752 1591 sordes
770 1526 974 1611 scriptoribus
991 1529 1130 1612 antiquis
1146 1528 1358 1595 affricuerunt.

218 1735 297 1824 Pag.
325 1734 423 1801 1475.
445 1735 538 1800 ἐδθκει
560 1735 645 1801 κατὰ
664 1736 728 1800 θεοῦ
749 1734 892 1811 γενέσθαι
912 1731 1036 1813 γνώμην
1056 1742 1253 1814 νεμεσῶντος,
1275 1736 1359 1820 quod

174 1839 251 1907 olim
282 1844 402 1906 conieci
432 1851 521 1920 μῆνιν
552 1862 608 1926 pro
643 1843 766 1922 γνώμην
789 1839 903 1907 fefellit
924 1862 978 1906 me
1001 1844 1117 1928 opinio.
1164 1841 1251 1907 Inest
1273 1845 1358 1907 anim

172 1948 207 2013 id
228 1951 335 2034 ipsum
358 1950 393 2013 in
416 1953 612 2025 νεμεσῶντος.

216 2157 294 2239 Pag.
327 2153 427 2223 1477.
460 2156 511 2221 τὸν
535 2158 596 2222 υῖὸν
620 2158 714 2222 αὐτοῦ
739 2156 801 2222 νέον
824 2155 910 2240 (ὄντα
934 2161 1017 2222 recta
1040 2156 1129 2223 addit
1152 2155 1280 2241 Raiske)
1305 2156 1358 2221 καῖ

174 2265 267 2330 καλὸν
281 2300 322 2312 -
338 2264 619 2343 ΟΤΝαρπασθὲντα
640 2264 797 2344 αἰφνιδίως
823 2262 993 2328 ἀποθανεῖν.
1030 2261 1159 2349 Optima
1182 2262 1357 2351 Kiessling.

174 2370 441 2449 ἈΝαρπασθέντα
466 2371 653 2455 requirebat.
691 2368 824 2454 Saepius
847 2371 925 2435 haec
948 2371 1031 2433 inter
1053 2389 1086 2433 se
1109 2369 1259 2434 confundi
1276 2370 1360 2434 infra

174 2476 385 2542 ostendemus.

215 2688 297 2775 Pag.
333 2686 431 2755 1478.
464 2685 511 2751 τθσ
545 2710 622 2752 ποτε
652 2687 665 2749 ἀ
692 2686 775 2772 [πρὸ]
800 2692 855 2761 της
880 2693 1007 2762 πομπῆς
1032 2685 1163 2765 θρχηςθρς
1188 2683 1358 2764 ἡγούμενος

174 2795 204 2858 οὐ
235 2792 330 2864 καλθς
364 2795 448 2873 αὐτῷ
480 2792 591 2872 idciro.
638 2792 814 2879 Kiessling.
848 2790 906 2872 πρθ
935 2791 1068 2865 delevit,
1108 2791 1163 2856 sed
1195 2793 1357 2877 transponi

173 2904 297 2964 tantum
321 2899 455 2965 debebat
476 2906 513 2963 ut
534 2899 678 2987 legatur:
703 2901 834 2978 θρχκςθς
858 2898 1132 2975 ΠΡΟηγοθμενος,
1157 2902 1195 2962 ut
1223 2896 1357 2983 Sylbur-

172 3007 245 3092 gius
275 3007 406 3071 viderat.
455 3004 509 3071 Sic
537 3027 611 3094 pag.
647 3004 744 3070 1501.
776 3006 859 3070 dixit
888 3005 954 3084 περὶ
983 3003 1089 3068 τθν-
1104 3003 1355 3082 προηγησάμενον

173 3119 226 3187 τῆς
251 3122 391 3189 πομπῆς.

216 3323 296 3409 Pag.
336 3320 435 3389 1481.
472 3322 553 3387 οὐδὲν
588 3321 670 3400 ἀξιοῖ
699 3329 890 3399 καινοτομεῖν
921 3322 963 3393 εῖς
999 3321 1084 3385 αὐτοὶ
1120 3321 1176 3385 ὑπὸ
1212 3320 1357 3397 δείματος

174 3427 390 3515 [κρατουμένη]
425 3427 607 3505 μηνιμοθτιον
639 3427 808 3506 δαιμονίων.
855 3426 891 3492 Si
920 3428 1095 3515 Dionysius
1129 3429 1197 3513 ipse
1232 3452 1359 3508 κρατου-

173 3534 247 3612 μένη
272 3535 444 3602 addidisset
466 3537 500 3600 in
524 3533 588 3600 alia
610 3535 683 3599 sede
706 3535 898 3601 collocasset.

215 3745 297 3833 Pag.
319 3743 417 3809 1485.
439 3746 453 3809 i
474 3745 505 3809 δὲ
526 3751 641 3825 πρῶτος
654 3780 697 3794 --
710 3744 825 3823 γυμνὸς
844 3741 1044 3821 Ὀλυμπίασι
1056 3742 1177 3823 δραμὼν
1190 3745 1357 3809 -”Ακαν-

174 3850 217 3924 θος
243 3853 256 3915 θ
283 3848 525 3927 Λακεδαιμόνιος
551 3844 594 3922 ἦν.
632 3849 681 3915 Of.
706 3853 832 3916 omnino
855 3849 881 3915 Ι.
903 3850 1043 3936 Rutgers
1062 3850 1102 3915 ad
1120 3847 1197 3914 Iulii
1215 3848 1357 3914 Africani

173 3955 393 4036 Ὀλυμπιάδαν
418 3957 619 4039 ἀναγραφήν.
644 3977 718 4045 pag.
744 3958 775 4023 6.

216 4169 298 4256 Pag.
321 4165 420 4235 1487.
448 4161 490 4238 οἷς
510 4168 749 4247 παρηκολούθουν
771 4165 909 4242 αθληταθ
927 4190 962 4231 τε
982 4166 1174 4247 ἀρχαϊκΟΙΟ
1194 4166 1355 4247 ἐμφυσῶν·

173 4300 224 4348 τες
257 4274 415 4344 αὐλίσκοις
447 4273 610 4353 βραχέσιν.
657 4272 700 4337 ut
727 4294 777 4338 res
807 4275 876 4358 ipsa
905 4278 937 4338 et
969 4271 1138 4338 verborum
1174 4275 1360 4357 compositio

174 4380 334 4449 declarant
355 4381 541 4462 ἀρχαῖκΩο
563 4387 659 4446 vetere
679 4403 759 4446 more
784 4399 804 4445 a
825 4379 982 4466 Dionysio
1004 4398 1070 4443 esse
1093 4380 1259 4465 scriptum.
