3076 5004
793 256 837 325 94

198 494 200 497 -
222 442 279 516 ἀςε
305 455 402 512 ΜῘΑΙ
423 447 520 529 ψήφῳ
546 447 670 523 πλείους
696 446 838 528 γενέσθαι
857 452 915 513 τῶν
935 446 1083 530 κατέχειν
1102 447 1145 514 τά
1164 448 1319 530 χρήματα
1337 447 1413 528 βου·

221 552 356 632 λιμένων
380 553 440 625 τάς
464 553 638 620 ἀποδιδόναι
663 555 858 626 κελευούσας.
897 554 970 619 Non
994 559 1041 620 osi
1064 576 1200 642 magnus
1222 555 1414 621 numerandi

222 659 336 725 artifex
359 658 552 747 Dionysius,
579 664 634 746 qui
657 682 720 727 non
744 662 934 748 cogitaverit
956 663 990 725 in
1008 681 1141 726 numero
1158 679 1228 726 xxx
1249 663 1413 726 curiarum

221 763 289 830 fieri
320 785 383 830 non
414 769 555 851 potuisse
578 767 740 833 ui’aiiera
764 787 836 852 pars
859 783 922 832 uuo
945 766 1095 854 suffragio
1118 768 1269 834 vinoerei.
1315 765 1413 832 Vide·

220 870 328 936 bimus
352 891 427 937 oum
446 872 529 938 infra
547 874 582 937 in
601 873 735 939 historia
753 869 914 938 Coriolani
935 872 1050 938 chorda
1069 872 1180 938 eadem
1200 873 1412 939 oberrantem.

265 1077 345 1165 Peg.
383 1075 459 1143 855.
495 1079 651 1160 Ταρκυνίῳ
686 1080 742 1159 μὲν
778 1078 941 1150 ἕπε’ςειλαν
971 1079 1041 1153 τοὺς
1074 1079 1328 1162 ἀποληψομένους
1364 1081 1410 1146 τά

220 1186 376 1266 χρήματα
400 1184 554 1263 πέμπειν,
580 1185 667 1251 αὐτοὶ
692 1185 722 1250 δὲ
746 1187 934 1264 Ἐπίαειναν
958 1187 988 1251 ἕν
1010 1195 1049 1268 τῇ
1075 1184 1174 1251 πόλει.
1222 1185 1412 1271 Requiritur

221 1290 426 1368 ’Υπίμειναν,
458 1298 679 1370 remanserunt,
712 1292 797 1376 quod
827 1291 933 1358 solum
964 1313 1000 1358 eo
1030 1313 1123 1358 sensu
1153 1294 1309 1357 usitatum
1342 1297 1410 1372 est,

220 1397 278 1463 ubi
309 1396 367 1461 aiii
398 1395 547 1463 dicuntur
578 1397 685 1482 aliquo
716 1398 830 1464 abiisse
863 1402 926 1463 aut.
940 1399 1032 1463 missi
1055 1417 1138 1476 esse,
1163 1396 1220 1462 alii
1241 1398 1299 1464 ubi
1320 1403 1413 1465 erant

220 1523 384 1570 mansisse.

266 1713 347 1799 Pag.
391 1709 467 1776 855.
516 1711 575 1784 τάς
609 1712 1147 1785 ε’πιςολάς-ἀπεδίδΟΥΝ-καί
1183 1711 1256 1794 παρ’
1291 1713 1412 1780 ἐκείνων

221 1819 379 1900 ἓτέρας-
394 1816 586 1896 ἕλάαβαυον.
627 1818 815 1906 Lugendum
838 1819 1078 1886 ἀπεδίδΟΟΑΝ.
1121 1818 1288 1887 Seronati
1311 1817 1411 1887 Grue-

221 1927 287 1992 ouli
310 1924 421 1990 ἐδίδουν
446 1944 503 2010 pro
527 1924 661 1990 ἐδίδοσαν
686 1925 788 1990 dicere
812 1931 994 2011 coeperunt.
1040 1925 1146 1992 Codex
1168 1925 1306 1992 Urbinas
1331 1946 1411 1992 non·

220 2052 397 2117 numquam
423 2029 508 2097 solus
532 2031 669 2095 formam
689 2035 830 2097 veterem
854 2034 1004 2098 servavit.
1049 2031 1211 2097 Edebatur
1232 2051 1306 2118 pag.
1331 2030 1410 2100 987.

219 2137 280 2210 τάς
313 2137 415 2210 αὐτας
448 2135 605 2202 ἐδίδουν
638 2135 830 2216 ἀποκρίσεις,
854 2141 938 2201 reoie
960 2135 1096 2202 Urbinas
1120 2137 1267 2204 ἐδίδοσαν.
1314 2137 1410 2205 Nunc

219 2245 305 2310 idem
327 2265 402 2310 eum
426 2244 556 2309 caeteris
580 2244 614 2306 in
636 2242 805 2307 manifesto
828 2242 945 2308 mendo
969 2243 1137 2328 conspirat.

263 2455 292 2521 P
293 2475 345 2542 88·
369 2450 445 2520 855·
459 2473 503 2538 sq·
530 2450 662 2524 ἐλπίδας
686 2476 721 2517 ’ΐέ
744 2451 867 2532 κλυτὰς
893 2451 1098 2524 ὑποτείνοντες
1122 2450 1303 2525 αὐτοῖςκαὶ
1333 2449 1404 2538 [τά]

218 2561 373 2644 χρήματα
397 2557 537 2632 διδόντες.
583 2557 741 2624 Mendum
764 2562 813 2623 est
834 2558 1051 2623 manifestum.

262 2770 345 2857 Pag.
380 2766 456 2834 856.
488 2767 560 2848 παρ’
593 2762 636 2839 οἷς
667 2769 701 2831 αἱ
725 2765 838 2832 σύνοδοι
862 2767 1141 2846 ἐγίγνοντο-καί
1165 2768 1258 2835 τά-
1276 2769 1408 2849 βουλεύ-

217 2898 309 2954 ματα
334 2874 558 2940 συνετίίθΝτο.
606 2873 686 2961 Lag.
714 2873 893 2939 συνετίθετο.

263 3084 344 3172 Pap.
370 3081 448 3150 857.
474 3083 507 3147 εἰς
532 3087 653 3149 πολλῶν
677 3083 733 3161 μὲν
758 3081 809 3146 καί
834 3079 1066 3166 ἀλλων-οὐχ
1090 3083 1183 3161 ἤκιςα
1207 3083 1238 3149 δὲ
1263 3084 1343 3172 [καί]
1374 3088 1410 3152 ἐκ

218 3197 277 3257 τῶν
307 3189 379 3256 τότε
411 3186 615 3268 γενομέναν.
642 3187 722 3254 Delo
754 3187 817 3254 καί.
865 3187 998 3273 Saepius
1028 3210 1122 3276 supra
1144 3190 1231 3256 idam
1254 3192 1409 3258 mendum

217 3298 410 3364 notavimus.

263 3505 344 3592 Peg.
369 3502 446 3571 857.
479 3501 638 3577 ΤΟΙαιίτκ
660 3501 724 3581 rap
744 3500 832 3568 ἀνοια
846 3501 1030 3578 -ἐ’κείνους
1050 3504 1225 3587 κατέσχεν,
1246 3508 1407 3576 imovero

218 3611 398 3684 ΤΟΟαιίτκ.
422 3610 488 3677 vid.
514 3608 658 3673 Μαοναοκ.
686 3605 784 3674 1876.
807 3629 881 3696 pag.
906 3607 983 3675 446.

229 3907 232 3912 ,
262 3820 343 3908 Pag.
374 3814 450 3884 857.
483 3813 616 3892 ἕξελίεῖν
650 3815 685 3879 ἐκ
708 3819 760 3879 τοῦ
787 3817 958 3893 συμποσίου
982 3818 1185 3893 κελεύσαντες
1209 3822 1278 3895 τοὺς
1302 3823 1407 3890 διακί·

217 3950 282 3998 νους
297 3963 338 3974 -
352 3923 542 3989 διεΦΕΡοντο
566 3921 638 4000 πρὸς
659 3922 814 3995 ἀλλήλους
837 3923 910 4002 ὑπὲρ
930 3932 985 3999 τῆς
1006 3935 1200 4006 καταγωγῆς
1221 3935 1278 3994 τῶν
1298 3931 1409 4010 τυιοίν-

217 4057 283 4099 νυν.
332 4028 523 4094 Mendosurn
547 4034 594 4093 est
617 4026 802 4111 διεφέροντο,
823 4028 913 4093 nulla
931 4032 1017 4094 enim
1036 4038 1103 4098 erat
1122 4035 1206 4100 inter
1226 4038 1406 4102 coniuratos

216 4136 377 4206 dissensio.
424 4132 558 4199 Videtur
587 4134 683 4198 fuisse
715 4133 910 4200 διεΛΕΓοντο
925 4173 966 4182 -
981 4147 1076 4202 ssepi
1109 4146 1165 4212 τῆς
1197 4150 1405 4219 καταγωγῆς.

215 4245 398 4312 Nascuntur
420 4240 640 4306 huiuscemodi
662 4241 744 4306 vitia
768 4261 806 4305 ex
828 4239 951 4306 lacunis
974 4240 1099 4309 Codicis
1118 4245 1215 4312 laceri
1234 4251 1266 4312 et
1285 4251 1406 4332 perrosi

214 4348 364 4437 imperite
388 4346 532 4435 expietis.
580 4345 752 4432 Supererat
777 4346 1074 4416 ΔΙΘ***ΟΝΤο.
