3076 5004
737 242 804 322 234

219 441 365 508 Iooosum
388 446 437 508 est
458 446 491 508 et
512 441 649 528 perutile
671 443 772 508 semel
791 444 1041 512 animadvertere
1061 464 1123 531 qno
1141 441 1366 530 progrediatur

174 550 345 634 antiquarii
366 550 577 635 superstitiosi
603 553 635 615 st
658 550 697 615 ab
721 550 840 616 iudicio
862 549 1047 618 infirmioris
1071 571 1162 617 caena
1181 548 1364 615 credulitas.

62 669 72 686 ·
174 652 302 720 Aeneae
330 657 366 719 in
396 655 525 721 ltaliam
556 657 739 742 navigantis
770 661 855 722 certa
884 658 1004 742 ubique
1040 658 1156 743 reperit
1190 654 1367 742 Dionysius

174 762 323 848 vestigia.
370 760 488 827 Mediis
512 760 637 846 elapsus
664 761 794 827 thivis
816 764 939 828 Aeneas
961 764 1001 829 ud
1022 763 1187 829 Pallensm
1212 759 1368 825 Thraciae

176 866 302 951 appulit
331 853 509 952 Venerique
538 867 696 952 templum
727 870 834 952 posuit
864 874 897 934 et
930 870 1043 935 urbem
1078 868 1119 934 de
1148 886 1206 932 sno
1236 867 1368 930 nomine

175 973 315 1037 Aeneam
335 972 484 1058 (Αίνειαν)
511 973 662 1038 condidit.
710 971 808 1038 Stetit
834 994 871 1039 ea
895 976 986 1053 urbs,
1012 979 1093 1040 teste
1115 973 1271 1058 Dionysio
1291 992 1366 1058 pag.

178 1076 262 1154 1⁴25,
286 1075 340 1150 ἕως
364 1087 419 1154 τῆς
444 1078 628 1143 Μακεδόνων
653 1079 814 1152 δυναςείας
839 1089 896 1155 τῆς
919 1082 1006 1146 κατίο
1028 1083 1098 1151 τοὺς
1121 1078 1283 1158 διαδόχους
1313 1081 1367 1142 τοῦ

176 1180 379 1263 Ἀλεξάνδρου
402 1184 584 1263 γενομένης·
612 1184 663 1249 ε’πί
685 1183 717 1248 δὲ
745 1192 800 1259 τῆς
825 1186 1001 1268 Κασάνδρου
1025 1188 1195 1266 βασιλείας
1223 1182 1367 1264 καίρρέίκ

178 1285 229 1354 ὅτε
276 1291 487 1364 Θεσσαλονίκη
530 1289 618 1363 πίλις
659 1289 796 1371 ἐκτίζετο
831 1293 884 1357 καὶ
919 1295 944 1358 οί
980 1294 1131 1358 nivenen
1167 1291 1222 1356 obv
1249 1289 1367 1362 ,ἄλλοις

178 1404 305 1467 πολλοῖς
327 1383 379 1467 ele
395 1397 450 1470 rto
471 1395 622 1465 νείκτιςον
641 1396 833 1479 μετῴκησαν.
873 1398 1000 1464 Diserte
1018 1396 1181 1465 confirmat
1199 1397 1259 1462 hoo
1280 1398 1370 1462 testi-

178 1505 324 1567 monium
354 1501 468 1568 Strabo
498 1524 572 1591 pag.
599 1502 675 1568 330.
727 1505 875 1568 Casander
897 1505 1030 1568 condidit
1053 1505 1185 1590 (inquit)
1208 1503 1264 1576 τὴν
1290 1511 1370 1566 Θεο-

179 1609 372 1673 σαλονίκειαν
408 1612 543 1674 καθελὼν
579 1611 766 1688 πολίσματα
798 1611 864 1690 περί
901 1602 935 1686 ἓξ
969 1611 1021 1674 καί
1056 1611 1177 1674 εἴκοσιν.
1192 1615 1306 1674 -τῶν
1338 1608 1371 1672 δὲ

179 1713 418 1780 συνοικιοίίντονν
453 1712 486 1789 ἦν
520 1716 840 1781 Ἀπολλωνία-καί
868 1716 984 1781 Αίνεια.
1034 1714 1096 1781 Sed
1120 1721 1152 1780 et
1175 1713 1371 1801 Dionysium

180 1825 212 1885 et
243 1818 431 1886 Strabonem
460 1821 547 1909 fugit
578 1823 701 1887 Aeneae
732 1823 845 1887 urbem
878 1827 986 1906 postea
1009 1823 1167 1887 incertum
1192 1840 1254 1905 qno
1277 1824 1372 1906 paeto

180 1945 247 1991 esse
278 1931 432 1991 renatam.
479 1927 593 1993 Livius
624 1929 675 2011 (ex
705 1927 856 2014 Polybio)
886 1926 1000 1994 XLIV.
1039 1928 1091 1993 10.
1138 1930 1267 1992 Aenean
1301 1927 1373 1990 indo

174 2039 302 2116 potunt:
334 2032 499 2117 quindecim
529 2034 628 2096 melon
654 2056 796 2117 ρνοιονοοιοι
826 2056 861 2098 eo
888 2035 959 2098 orba
980 2035 1061 2098 odeat
1083 2037 1114 2118 (a
1136 2032 1374 2108 Thessalonice)

179 2138 322 2201 odoerane
350 2139 488 2219 Pydnam
511 2145 614 2222 posito
645 2140 688 2224 (ἕν
719 2149 757 2220 τῇ
788 2142 966 2223 Παλλήνῃ).
1015 2138 1078 2206 Sed
1109 2140 1194 2205 unde
1228 2144 1370 2223 constat,

180 2245 298 2309 dixerit
327 2244 460 2328 aliquis,
493 2266 560 2310 esse
590 2245 671 2309 hano
702 2246 816 2311 urbem
847 2246 998 2322 eandem,
1024 2266 1120 2329 quam
1144 2247 1266 2310 Aeneas
1291 2245 1372 2310 olim

180 2349 355 2414 condidisse
387 2347 508 2415 ferturl
554 2348 686 2416 Constat
717 2373 755 2416 ex
787 2351 924 2439 Polybio
961 2352 1045 2437 apud
1079 2352 1211 2418 Livium
1241 2351 1311 2416 XL.
1338 2351 1369 2416 4.

172 2457 411 2538 prostoioornotrn·
441 2462 476 2518 ob
510 2462 714 2520 Tboeaotontoo
742 2463 868 2521 Aeneam
900 2463 938 2521 od
964 2469 1072 2521 staron
1095 2459 1272 2542 enorifin'un
1295 2442 1376 2539 qnod

179 2568 322 2625 conditori
343 2567 458 2625 Αοινοοιο
480 2587 543 2626 ουονν
565 2588 669 2647 οινορονο
695 2569 868 2628 ooero‘nnono'o
889 2570 1044 2645 quotannis
1063 2566 1194 2645 foetent.

225 2668 329 2747 Quam
359 2671 462 2733 sitin
492 2669 612 2734 talibus
644 2674 780 2734 mendax
813 2668 947 2736 Graecia
971 2676 1003 2736 et
1027 2691 1123 2755 quarn
1146 2669 1214 2735 fieti
1236 2669 1372 2755 falsique
1399 2729 1400 2732 ,

179 2776 273 2838 tenax
302 2776 336 2838 in
367 2774 512 2859 pluribus
542 2775 676 2840 urbibus
705 2778 825 2860 passim
856 2778 1025 2842 cernimus.
1072 2776 1122 2841 Ne
1155 2797 1305 2842 exeamus
1332 2796 1371 2842 ex

179 2877 274 2945 Italia
301 2882 378 2945 satis
408 2886 456 2945 est
488 2881 596 2946 audire
624 2881 785 2946 lustinum
810 2882 883 2946 XX.
913 2883 989 2967 leq.
1030 2884 1227 2947 Ptrntnoron
1252 2883 1371 2970 (idest

180 2984 416 3071 Sybaritarum)
439 2992 537 3050 οιοόονα
560 2991 723 3050 condidisse
743 2991 929 3052 Pbo’loetoton
944 2989 1058 3073 serenet
1081 2993 1178 3068 ibique
1197 2993 1290 3051 oothon
1311 3011 1371 3051 ono·

178 3103 344 3154 nnnenonn
365 3097 428 3155 otoo
450 3092 559 3155 oiattnr
579 3103 608 3155 ot
629 3096 773 3155 Horoolo'e
796 3099 920 3176 soptttoe
942 3099 974 3156 tn
999 3098 1151 3176 Apollinis
1175 3098 1279 3176 tempto
1299 3117 1372 3174 qnae

170 3196 278 3280 fotum
316 3202 422 3261 dboo'oo
443 3202 581 3280 fuorunt.
641 3199 839 3280 Metapontini
869 3222 981 3280 quoqne
1016 3204 1048 3262 in
1084 3204 1188 3282 tempto
1220 3205 1371 3263 linteones

169 3307 369 3384 fermento,
399 3310 504 3384 ponitus
535 3308 649 3386 Epona,
685 3329 704 3367 o
728 3327 783 3385 qno
815 3310 926 3368 oondttn‘
954 3316 1040 3390 sont,
1071 3328 1173 3386 ορααον
1211 3309 1370 3368 lbotonnno

170 3409 339 3494 subtranit
372 3420 528 3473 ostentant.
575 3409 647 3476 Non
681 3430 747 3475 esse
783 3411 841 3475 has
874 3415 1015 3477 recentes
1049 3411 1173 3476 fabulas
1209 3409 1370 3476 declarant

178 3514 242 3580 looi
264 3515 444 3582 Aristotelis
467 3538 506 3582 ex
526 3515 617 3583 libris
640 3517 706 3597 περὶ
731 3523 889 3582 πολιτειῶν
915 3517 965 3606 (ut
988 3517 1111 3603 opinor)
1133 3519 1291 3601 excerpti,
1314 3517 1370 3601 qui

180 3625 347 3686 servantur
380 3624 415 3686 in
449 3621 532 3687 libro
567 3621 633 3702 περί
671 3622 849 3699 θαυμασίων
883 3621 1091 3700 ἀκουσμάτων
1124 3644 1190 3709 unp.
1229 3621 1306 3687 1207.
1323 3641 1369 3706 sq.

180 3728 266 3807 παρὰ
297 3735 359 3799 τοῖς
392 3727 585 3807 Συβαρίταις
617 3727 748 3806 λέγεται
780 3731 970 3805 Φιλοκτήτην
995 3733 1201 3806 τιαῖισίοιι-
1216 3729 1268 3793 καί
1292 3729 1368 3792 οἶνοι·

182 3832 274 3897 θεῖναι
295 3835 423 3912 ίςοροῦοι
443 3834 486 3899 τοὶ
505 3833 584 3911 τίξοι
603 3835 646 3899 τοί
663 3833 837 3915 Ἠροίκλοια
859 3837 952 3900 αὐτὸν
972 3838 1015 3909 είς
1039 3839 1074 3901 τδ
1098 3840 1152 3901 τοῦ
1175 3834 1369 3906 ’Λπόλλωνος

180 3939 266 4017 ιἐρίν.
292 3940 381 4005 addit
404 3945 496 4004 nura
516 3947 622 4023 Sybari
640 3943 709 4014 τοὺς
734 3942 946 4021 Κροτωνιοίτοος
977 3944 1133 4006 ἀναθεῖναι
1159 3941 1244 4009 αὐτοὶ
1268 3942 1316 4014 είς-
1336 3940 1369 4003 τί

182 4041 386 4110 Ἀπολλώνιον
404 4045 438 4108 τὸ
456 4048 529 4127 παρ’
548 4049 663 4119 αὐτοῖς.
683 4052 716 4112 et
732 4047 770 4112 de
782 4046 1011 4132 Metapontinis
1024 4069 1089 4132 cap.
1106 4045 1180 4112 108.
1194 4047 1295 4125 ἐγγὺς
1307 4055 1371 4111 Με-

181 4151 347 4215 ταποντίου
372 4150 502 4226 'Aternio
526 4152 601 4231 ἱερὸν
621 4149 700 4218 εἶναι’
717 4158 832 4235 φασιν,
854 4150 931 4218 ἔνθα
952 4153 993 4218 τοὶ
1015 4159 1068 4217 τοῦ
1087 4154 1209 4218 Ἐπειοῦ
1228 4151 1371 4229 λέγουσιν

181 4257 362 4322 ιἰνοικεῖσίαι
386 4253 523 4334 ίργανα,
547 4250 568 4322 do
592 4260 634 4332 εἷς
656 4258 707 4322 τὸν
730 4258 854 4337 δούρειον
875 4257 967 4325 ἵππον
987 4260 1135 4333 ε’ποίνσεν.
1172 4257 1301 4326 Similia
1320 4259 1371 4324 his

180 4363 299 4450 passim
315 4364 530 4453 reperiuntur:
548 4386 611 4438 uon
628 4366 757 4433 estuari
773 4364 880 4431 simile
895 4365 1055 4432 Phaeaces
1071 4365 1222 4432 ininsula
1234 4361 1371 4453 Ooroyro
