3076 5004
713 266 778 336 119

149 456 254 543 κθζειν
287 457 425 550 (dalcae)
458 460 596 540 θροιθσὺς
629 455 773 538 γενέσθαι
804 457 874 532 τοὺς
898 456 1037 532 έιιονσέως
1061 448 1140 522 εἷνοιι
1162 456 1207 535 μὴ
1230 455 1339 534 βονλο·

148 566 266 645 μέντοι.

194 775 274 866 Peg.
306 776 404 845 1127.
438 774 504 844 θσσν
536 776 590 843 ἂν
606 776 646 859 ζῶ
676 774 782 858 χρθνον
813 784 884 841 ΚΑΙ
916 774 1059 841 οὐδέποτε
1081 771 1337 854 εἰσάξω-χρεῶν

148 883 321 956 θποκοπθς.
358 881 471 951 Oritiei
494 883 667 949 molestum
692 882 746 946 κοιΙ
767 884 900 948 resecari
919 881 1040 946 iubent.
1076 879 1202 961 Quanto
1221 879 1338 945 melius

147 1010 190 1055 ex
213 989 421 1056 deterioribus
443 988 535 1054 libris
559 996 682 1055 certum
702 987 833 1055 lacunae
852 986 1112 1073 supplementum
1132 988 1338 1071 recepissent:

148 1098 217 1177 (οὐκ
241 1098 517 1174 accelerantem
542 1096 595 1170 ἡδη
621 1102 722 1167 καλῶς
747 1094 941 1179 δεδογμένον)
968 1102 1036 1158 ΚΑΙ
1063 1092 1205 1159 οὐδέποτε
1224 1089 1338 1168 εἰσάξω

146 1202 215 1268 ιιτέ.
250 1202 370 1268 Iisdem
394 1203 624 1287 propemodum
647 1202 754 1267 verbis
777 1204 880 1265 utitur
903 1203 938 1266 in
961 1220 994 1264 re
1018 1198 1118 1265 simili
1140 1219 1214 1285 pag.
1240 1196 1338 1263 1194.

146 1309 184 1374 οὔ
206 1309 266 1387 μὴν
289 1307 341 1373 διὰ
365 1309 472 1373 τοῦτοί
496 1333 535 1387 γε
559 1309 756 1386 οὶτοςὴσομοιι
780 1313 838 1373 τῶν
863 1305 897 1383 ἐξ
919 1309 1021 1387 οὶρχὴτ
1045 1306 1250 1385 ἐγνωσμένων.

194 1516 275 1607 Peg.
312 1516 412 1585 1127.
455 1519 675 1591 ε’νοοντιθσοιιοιι
709 1526 773 1590 τοῖς
807 1520 851 1596 ροὴ
886 1517 928 1582 τοὶ
964 1516 1082 1595 πθπριοι
1117 1515 1338 1593 πολιτεθμοιτω

146 1622 414 1701 εἰσηγησομένοις.
462 1623 554 1690 Nihil
576 1630 644 1690 erat
666 1644 745 1708 opus
768 1624 810 1689 τοὶ
834 1624 951 1704 πάτριοι
976 1625 1175 1701 εἷσηνεῖσθοιι.
1224 1623 1338 1689 Trans·

147 1731 261 1815 positis
293 1730 416 1795 duobus
447 1730 554 1795 verbis
585 1728 760 1818 legendum
789 1737 851 1801 τοῖς
883 1733 926 1794 τοὶ
950 1732 995 1808 μὴ
1020 1732 1153 1816 πάτριοι,
1176 1731 1210 1796 id
1233 1736 1281 1795 est
1303 1751 1339 1792 εο

146 1858 224 1921 quae
239 1841 379 1920 ριιιριιοιιέ
402 1858 466 1898 cum
489 1836 638 1900 iccetitclio
659 1837 813 1901 maiorum.

195 1940 273 2007 Post
302 1961 404 2027 pauca
433 1943 469 2006 iu
499 1943 605 2009 verbis
638 1944 771 2017 ἡττῶντο
800 1941 832 2008 δέ
857 1942 941 2031 [ὑπὸ]
969 1949 1028 2009 τῶν
1051 1943 1196 2024 νεωτέρων
1220 1944 1339 2029 optime

147 2045 286 2113 Urbinas
317 2047 375 2111 ὑπθ
405 2050 538 2114 omittit.
585 2048 664 2114 Fere
698 2040 830 2134 semper
857 2052 1010 2125 ἡττᾶσθαι
1046 2054 1098 2135 (ut
1133 2049 1212 2126 ἡττω
1248 2046 1338 2129 εἷνοιι)

149 2174 221 2219 eum
245 2157 390 2241 genitivo
414 2156 631 2240 componitur,
655 2154 760 2222 veluti
783 2176 857 2244 pag.
882 2155 980 2224 1167.
1006 2160 1159 2234 ἡττᾶσθοιι
1181 2162 1234 2223 τοῦ
1255 2158 1339 2221 οὶντι-

150 2258 260 2325 πθλον.
283 2280 356 2349 pag.
385 2258 482 2325 1214.
507 2259 686 2337 ἡττηθέντες
709 2264 769 2326 τῶν
792 2261 929 2337 δεὴσεων.

192 2468 272 2559 Peg.
298 2466 397 2536 1128.
421 2490 660 2557 nonnumquam
685 2471 878 2539 subridicule
901 2473 1075 2560 Dionysius
1098 2475 1214 2540 veteris
1242 2476 1338 2560 scrip·

152 2579 225 2642 toris
254 2578 351 2643 verba
383 2579 449 2643 suis
482 2581 607 2644 miscet.
654 2579 823 2645 Placuerat
855 2584 893 2644 ut
926 2579 1069 2645 Dictator
1104 2579 1273 2646 diceretur.
1310 2582 1336 2646 οἱ

149 2680 386 2749 ὕπατοι-τῶν
418 2688 551 2755 etelsus
583 2685 721 2763 οἰομένων
752 2687 803 2751 τὸν
829 2690 968 2752 Ἄττιον
1000 2687 1334 2768 οὶποθειχθὴσεσθοιι-

149 2788 256 2854 ἐιιεῖνον
298 2791 355 2869 μέν
397 2792 640 2867 οὶπὴλωσοιν,
683 2792 800 2859 Μθνιον
836 2793 868 2859 δέ
904 2793 1072 2874 Οὐαλέριον
1093 2832 1134 2842 -
1157 2791 1334 2873 ἡπέθειξοιν.

148 2892 253 2962 Stulte
276 2897 394 2963 dicitur
417 2899 451 2962 in
475 2919 512 2963 eo
533 2920 567 2964 re
591 2905 623 2965 et
646 2900 685 2965 de
708 2904 797 2965 tanto
819 2902 889 2966 viro
912 2900 1094 2975 οὶπὴλοισοιν.
1131 2899 1209 2966 Noli
1227 2905 1336 2967 tomen

148 3007 331 3088 corruptum
363 3024 429 3069 esse
459 3009 581 3089 putare.
629 3003 783 3071 Sumtum
810 3010 859 3070 est
881 3026 899 3070 a
922 3005 1136 3072 Demosthene
1159 3008 1196 3071 de
1222 3008 1335 3071 Corona

147 3127 220 3196 pag.
246 3107 321 3176 271.
348 3108 403 3178 27.
430 3114 535 3176 τοῦτον
560 3112 617 3190 μέν
641 3111 911 3186 siderissiderea
934 3111 1333 3197 θοπροθθτην,“ῒπερεέθη

149 3211 178 3280 δέ
201 3216 305 3294 λέγειν
329 3215 527 3297 προσέταξεν.

190 3425 272 3515 Pag.
301 3427 398 3493 1130.
424 3427 664 3510 ὑπισχνούμενον
687 3426 725 3496 ὦν
748 3428 786 3495 θον
812 3429 1079 3507 δέησθε-μηδὲν
1103 3432 1142 3495 A·
1166 3431 1216 3496 ἐπὶ
1245 3431 1333 3507 τέλος

147 3529 278 3611 θνοντιι.
332 3536 516 3602 Necessaria
556 3536 670 3604 vocula
712 3537 846 3603 excidit:
889 3537 1130 3620 ὑπισχνούμενον
1166 3547 1258 3606 ΜΕΝ
1295 3536 1334 3605 ὧν

133 3636 185 3704 Ι-θιν
206 3640 322 3712 δέησθε.

189 3744 267 3812 Post
288 3767 389 3833 pauso
410 3751 444 3813 in
463 3750 569 3816 verbis
589 3749 693 3832 ἑτέρων
713 3749 803 3816 ὄντων
826 3752 910 3837 [τῶν]
931 3750 1181 3831 ἐπιτηδειοτέρων.
1219 3751 1332 3821 Editor
1361 3764 1365 3770 '

146 3854 242 3918 sensit
264 3860 321 3918 πῶν
346 3857 458 3922 vitiose
482 3857 650 3924 abundare.
697 3856 773 3924 Sine
795 3879 886 3924 mora
907 3878 1088 3947 expungere
1111 3858 1272 3927 debuerat.

189 4060 270 4149 Peg.
305 4062 402 4128 1131.
433 4066 467 4129 οὐ
499 4065 562 4144 γὰρ
593 4065 689 4139 δὴπον
716 4064 938 4143 σιινεξιιποοτοῖν
962 4066 1044 4145 ὑμᾶς
1069 4063 1253 4143 ἕπιςοὲμενον
1276 4071 1332 4144 πὴν

146 4165 324 4243 θποθτην-
339 4170 595 4250 ὑπολαμβάνετε.
644 4173 773 4239 Excidit
802 4194 974 4259 pronomen
1001 4172 1222 4250 συνεξοποιτοῖν
1247 4175 1331 4252 ὑμᾶς

147 4272 257 4339 ἘΜ6.
305 4275 418 4343 Latino
444 4299 532 4344 more
555 4278 638 4344 dixit
662 4279 846 4358 ἒπιςοέμενον
868 4283 923 4356 τὴν
946 4277 1090 4358 θποέτην,
1115 4286 1153 4346 ut
1175 4280 1330 4354 Romani:

145 4383 171 4443 ιι·
193 4396 302 4448 selune
316 4383 479 4471 fefellero.
