3076 5004
683 292 747 371 191

160 484 240 577 Peg.
268 487 364 557 1190.
388 490 421 558 οὐ
445 488 545 570 πρόσω
567 493 793 575 χειροκρασίας.
842 491 1051 560 scribendum
1073 489 1307 574 χειροκρατίας,

113 599 153 660 ut
176 597 415 675 πονηροκρατία.
440 601 698 678 γυναικοκρατία,
724 600 890 686 multaque
913 600 964 664 his
987 599 1108 664 similia
1151 609 1309 680 Χειροκρα-

114 700 170 766 σία
193 707 261 767 tom
277 704 430 789 ineptum
455 713 503 771 est
536 726 572 771 eo
594 707 622 770 si
647 709 718 791 quis
741 707 933 785 δημοκρατία
957 704 1056 770 vellet
1078 705 1190 771 dicere.
1239 717 1308 772 Χει-

114 807 259 887 ροκρασία
290 811 411 875 iterum
442 809 563 898 legitur
593 832 658 899 peg
696 809 793 877 1684.
825 812 880 878 sed
910 810 1076 877 emendato
1107 831 1182 900 pag.
1209 811 1306 878 1515.

115 915 355 996 πονηροκρατίαν
375 921 408 982 ot
430 937 504 1006 pag.
529 915 627 984 1573.
652 920 948 1001 πονηροκρατεῖσθαι.

161 1121 243 1213 Peg.
269 1123 367 1190 1190.
398 1123 522 1203 patrea
552 1126 609 1204 μὲν
639 1127 780 1206 ἠξιοῦμεν
809 1125 957 1200 όίπαντας
982 1128 1064 1204 ὑμᾶς
1088 1128 1310 1206 ὁμογνωμονεῖν

116 1225 222 1303 ἄλλως
246 1255 283 1297 τε
305 1231 358 1296 καί
383 1235 516 1316 [ταῦτα]
542 1233 608 1312 περὶ
633 1244 730 1308 κοινῆς
755 1235 904 1312 σωτηρίας
926 1232 1175 1312 βουλευομένους.
1212 1233 1309 1301 Utro·

116 1336 190 1422 que'
209 1337 306 1403 modo
336 1345 420 1404 reete
453 1340 570 1405 dicitnr
600 1347 633 1406 et
662 1339 767 1413 ἄλλως
800 1364 836 1405 τε
868 1341 922 1405 καί
952 1346 984 1404 et
1016 1341 1068 1405 καί
1103 1345 1223 1417 ταῦτα,
1254 1341 1310 1406 sed

116 1443 233 1509 vitiose
255 1448 429 1530 utrumque
452 1449 662 1532 componitur.
709 1445 821 1532 Itaque
840 1445 1045 1511 resecandum
1066 1450 1184 1513 ταῦτα.

164 1652 243 1741 Peg.
272 1651 370 1719 1190.
404 1655 586 1732 senioribus,
619 1658 741 1743 inquit,
773 1656 894 1721 θυοσιιοι
915 1657 1017 1720 redere
1038 1662 1150 1740 oportet
1172 1658 1311 1735 ἐνθυμου-

116 1759 226 1837 μόνους
251 1757 297 1826 ότι
321 1761 469 1832 κάκείνοις
484 1799 526 1810 -
541 1761 574 1837 ἐξ
597 1759 664 1837 ίσης
689 1761 818 1842 ὑπάρξει
843 1762 1016 1844 τυγχοίνειν
1035 1770 1126 1842 τιμῆς
1149 1763 1235 1845 παρὰ
1253 1771 1311 1829 τῶν

103 1864 286 1945 resolvet.
335 1864 464 1953 Optime
487 1865 623 1936 Urbinas
645 1868 805 1948 ἘΚνόνων
828 1893 848 1932 οι
870 1868 946 1934 tiliis
968 1869 1041 1934 ιιιίι.

166 2077 246 2166 Peg.
275 2076 370 2143 1190.
401 2078 512 2156 όρῶμεν
543 2080 585 2151 είς
616 2076 673 2159 ἔριν
705 2079 787 2157 ὑμᾶς
812 2078 1068 2152 ἒΜπεπτωκότκς
1093 2080 1313 2162 όλεθριωτοίτην
1414 2128 1418 2137 ,

123 2190 180 2250 τῶν
210 2184 396 2265 ἀνθρωπίνων
425 2193 556 2251 νοσΩΝ.
603 2185 693 2250 Libri
724 2186 989 2261 ἐκπεπτωκότας,
1021 2187 1104 2272 quod
1128 2208 1241 2253 verum
1265 2191 1314 2253 est

126 2296 156 2356 et
172 2287 403 2357 reverendum.
454 2290 637 2356 Ἐκπίπσειν
676 2293 726 2380 (nt
753 2291 938 2372 ἐξοκέλλειν)
968 2298 1016 2357 est
1045 2293 1144 2357 όσίαόί
1175 2295 1215 2360 od
1243 2315 1313 2359 rem

125 2397 257 2476 molem,
281 2399 449 2489 vitiosam,
475 2403 612 2483 turpem.

168 2504 335 2570 Praeterea
358 2524 397 2569 ex
421 2501 616 2570 Graecorum
640 2504 864 2570 consuetudine
890 2502 1110 2569 scribendum:
1134 2505 1313 2584 όλεθριωτοί·

58 2667 75 2683 .
125 2633 177 2686 την
199 2616 257 2675 τῶν
280 2610 467 2689 ἀνθρωπίνων
491 2610 613 2677 νόσΟΝ.

168 2824 249 2913 Peg.
281 2820 515 2901 1190-1191.
552 2826 602 2887 νῦν
633 2831 727 2889 ΜΕΝ
746 2861 789 2871 --
807 2822 902 2887 ι’ίπιτε
931 2823 1045 2918 ἐκιτοῦ
1076 2820 1243 2902 συνεδρίου,
1273 2824 1315 2894 εἰς

127 2939 181 2996 ΔΕ
210 2930 262 2995 τόν
295 2928 422 2995 ἐπιόντα
453 2928 607 3008 σύλλογον
640 2930 734 3007 ίίΞετε
765 2929 956 3010 μετριώτεροι
987 2927 1154 3006 γενόμενοι.
1202 2927 1244 2993 Et
1266 2939 1338 2994 res·

125 3038 193 3122 ipse
216 3042 248 3102 et
270 3036 441 3101 verborum
465 3039 652 3123 compositio
679 3035 840 3121 postulent
864 3040 901 3099 ut
925 3032 1014 3110 ἥκετε
1033 3034 1171 3121 legetur.
1205 3033 1316 3099 lubere

126 3145 210 3207 enim
231 3142 290 3208 hoo
314 3139 466 3208 Consules
489 3148 650 3228 poterent,
675 3143 730 3207 sed
753 3145 799 3207 ita
821 3141 969 3206 futurum
992 3161 1058 3205 esse
1081 3140 1159 3204 ισίνο
1178 3161 1241 3206 non
1262 3160 1317 3227 po-

126 3253 239 3316 terant.
287 3249 458 3334 Propterea
490 3249 627 3315 addunt:
660 3249 685 3314 εί
717 3249 748 3314 δὲ
780 3248 952 3326 παραμένει
982 3246 1016 3311 τὸ
1047 3246 1316 3328 pretereuntem,

126 3355 181 3420 ubi
204 3361 381 3435 παραμενεῖ
400 3355 613 3421 scribendum.

170 3567 249 3654 Peg.
279 3565 376 3632 1195.
408 3565 524 3638 τούτοις
553 3566 609 3644 μὲν
640 3573 778 3647 ταχεῖαν
803 3562 1004 3644 ἐπανόρθωσιν
1029 3563 1115 3629 αὐτοὶ
1140 3563 1238 3639 δοίητε
1264 3565 1315 3631 καί

127 3671 276 3751 σωτηρίαν
317 3682 380 3746 τοῖς
423 3673 608 3754 πριίγμασιν
651 3675 798 3756 οίσΦαλῆ.
860 3671 1090 3737 Demosthenes
1133 3673 1170 3735 de
1213 3694 1320 3736 corono

127 3800 199 3868 pag.
225 3778 301 3844 324.

172 3990 253 4077 Peg.
280 3989 376 4055 1198.
412 3991 559 4071 προίστειν
587 3987 645 4073 ότςο
673 3989 712 4055 όιν
737 3987 837 4072 τρόπω
866 3989 1012 4055 δύνωνται
1034 3989 1145 4070 Φιλίαν
1170 3990 1211 4070 τῷ
1234 3988 1320 4070 δόμῳ

131 4095 314 4184 [συνθέσθαι]
356 4097 426 4176 πρός
468 4097 537 4170 τοὺς
571 4097 758 4177 πατρικίους.
814 4093 967 4181 Spurium
1001 4100 1049 4161 est
1080 4101 1112 4160 et
1142 4094 1321 4160 insiticium

130 4203 296 4269 συνθέσθαι.
332 4201 513 4269 Sexcenties
536 4205 571 4267 in
594 4203 652 4269 tali
675 4225 710 4270 re
732 4203 905 4290 Dionysius
925 4202 1002 4268 dicit
1026 4201 1171 4280 πράττειν
1189 4200 1319 4283 Φιλίαν,

130 4310 284 4388 ὁμόνοιαν,
310 4310 423 4390 είρνίνην
448 4315 480 4375 et
503 4309 633 4375 similia.
680 4309 811 4389 Προίττω
844 4309 1001 4374 συνθέσθαι
1026 4309 1137 4387 Φιλίαν
1161 4329 1200 4374 ne
1224 4305 1321 4374 Grae·

131 4437 204 4482 enm
229 4417 358 4502 quidem
383 4421 441 4482 est.
488 4417 596 4483 Peuce
625 4413 772 4502 exempla
801 4415 879 4481 haee
911 4414 1002 4480 vide:
1027 4435 1101 4502 pag.
1120 4412 1198 4480 824.
1224 4412 1321 4498 πρότ-
