3076 5004
724 296 771 347 vn

195 499 283 566 Haec
311 499 472 566 Reislrius.
520 500 659 586 Sequens
692 507 777 566 astas
807 519 1007 566 umauuaruu
1038 499 1115 565 tulit
1137 496 1262 564 Reiskii
1284 517 1337 583 pa·

148 623 278 684 ternum
298 625 456 699 amicum,
478 643 539 707 quo
557 643 651 687 nemo
671 624 847 686 existimari
866 626 970 706 potest
989 621 1136 708 Dionysii
1156 619 1338 701 Ἀρχαιολο·

148 739 226 817 ρίαν
246 742 424 817 Ῥωμαϊκήν
448 743 570 807 diutius
595 762 630 807 ac
655 741 842 829 diligentius

375 873 517 925 coctana
538 886 667 925 ασννααεσ
690 885 789 938 maso,
816 886 943 925 versasse
965 867 1076 925 dimota.

194 981 390 1047 Niebuhrius
414 985 516 1069 igitur
540 982 616 1067 quid
641 980 767 1046 censet?
801 982 1070 1066 Exquisitissimis
1092 980 1240 1046 laudibus
1263 980 1337 1044 Dio-

149 1103 280 1188 nysium
311 1102 437 1167 extollit
465 1105 498 1166 in
530 1102 655 1167 coelum
684 1123 783 1186 usque
815 1102 891 1167 adeo
923 1107 959 1166 ut
989 1106 1195 1164 Providentiae
1225 1103 1340 1164 αἱσνννσσ

149 1246 278 1304 mapsam
297 1228 423 1304 pretium
448 1222 533 1286 dicat
555 1245 615 1285 esec
639 1227 793 1284 habendam
818 1226 894 1301 quod
916 1227 990 1284 Ῑναασ
1013 1227 1178 1284 thesaurum
1201 1225 1341 1283 historiae

149 1347 284 1422 metipsos
305 1342 389 1405 nobie
414 1349 591 1405 coacervarit
615 1339 652 1423 ¹).
701 1341 792 1407 Idem
815 1343 1006 1429 Dionysium
1032 1347 1165 1425 „eyrcps'c
1193 1346 1339 1404 cordatum

150 1460 307 1524 Ιισννννννσνν”
332 1461 356 1549 ²)
389 1463 512 1527 iudicat
542 1463 649 1527 fuisse.
697 1460 761 1527 Gur
783 1463 866 1526 mihi
890 1483 952 1527 non
976 1465 1022 1526 ita
1045 1461 1192 1527 videatur
1214 1463 1339 1544 saepius

149 1581 257 1646 inhia
285 1586 538 1646 Obsaaatioaibm
561 1584 618 1648 ubi
641 1604 690 1647 res
716 1583 834 1647 ferebat
858 1583 1085 1647 demonstravi.
1121 1581 1158 1644 In
1181 1581 1240 1646 hac
1264 1601 1339 1665 quo

150 1721 211 1784 que
241 1723 292 1785 re,
323 1708 360 1767 ut
389 1705 423 1766 in
455 1702 585 1788 reliquis
614 1703 842 1788 propemodum
866 1703 1030 1779 omnibus,
1056 1702 1194 1766 admiror
1215 1700 1339 1765 Reislrii

149 1842 262 1887 sanum
292 1843 328 1887 ac
358 1823 501 1888 sobrium
534 1824 689 1888 iudicium
721 1829 752 1888 et
782 1826 956 1910 ingenuam
989 1823 1158 1901 παρρησίαν
1195 1841 1267 1885 amo
1302 1842 1337 1886 ao

150 1941 265 2029 diligo,
286 1965 348 2008 non
373 1946 502 2028 antiqua
525 1947 704 2029 promiscue
727 1946 834 2009 omnia
857 1951 890 2008 et
913 1945 1078 2027 scriptores
1103 1943 1248 2025 antiquos
1271 1960 1338 2006 om·

148 2084 204 2127 nes
237 2064 346 2128 eadem
378 2085 469 2130 caeca
492 2064 700 2129 admiratione
725 2063 977 2148 complectentis,
1005 2063 1058 2127 sed
1082 2065 1109 2126 si
1133 2083 1212 2147 quae
1236 2066 1339 2127 essent

149 2184 183 2245 in
215 2181 287 2248 Sole
317 2183 461 2250 maculae
492 2189 524 2248 et
555 2187 646 2249 acute
681 2186 836 2249 cernentis
870 2188 902 2248 et
935 2181 1024 2248 virili
1058 2180 1206 2247 libertate
1241 2185 1338 2246 etiam

149 2304 262 2366 acriter
296 2308 328 2367 et
364 2324 471 2370 severe
505 2304 769 2388 reprehendentis.
816 2302 966 2368 Nondum
997 2304 1122 2365 mutavi
1149 2305 1338 2365 sententiam

148 2442 188 2485 ex
210 2442 271 2506 quo
293 2427 522 2511 magistratum
546 2423 773 2489 Academicum
798 2424 953 2508 deponens
976 2442 1076 2507 quum
1095 2442 1199 2486 coram
1219 2441 1338 2508 magna

148 2541 345 2607 eruditorum
378 2564 490 2608 corona
522 2548 556 2606 de
586 2549 774 2606 ναννναανσννίνε
805 2555 930 2607 veteram
967 2548 1130 2605 litterarum
1164 2564 1216 2603 suo
1238 2545 1338 2622 pretio
1395 2588 1398 2592 -

147 2667 332 2726 aestumatio
369 2665 572 2747 dissererem,
611 2665 649 2729 de
686 2663 838 2751 Dionysio
873 2663 1144 2728 Halicamassensi
1175 2662 1222 2725 ita
1252 2660 1336 2724 dixi:

149 2786 304 2858 „Fabulae
335 2789 418 2847 codic
451 2789 532 2847 collo
556 2794 640 2873 *teate
671 2789 752 2846 nullo
787 2794 903 2847 aratore
936 2789 1010 2846 actis
1040 2784 1140 2844 idoneo
1164 2804 1222 2863 pro
1251 2784 1338 2843 cedrea

147 2907 316 2965 certiaer‘onis
333 2909 442 2986 putida
464 2915 493 2967 ot
514 2909 632 2967 verbosa
655 2908 806 2986 dilipcatia
824 2909 909 2987 quasi
930 2909 1062 2966 oculatus
1082 2907 1166 2965 tastis
1185 2902 1334 2977 describit,

146 3032 182 3084 ut
213 3047 275 3086 σανα
305 3027 461 3087 Romuleam
489 3036 517 3087 et
547 3030 669 3087 Romarm
699 3047 785 3109 quum
816 3028 899 3105 ναρνασ
929 3029 1064 3086 utmalros
1093 3027 1240 3085 aleremur
1270 3045 1335 3083 coa-

146 3148 274 3223 specim
291 3143 407 3226 putas.'’
452 3144 554 3209 Locus
577 3148 625 3208 est
648 3165 721 3232 pag.
747 3141 825 3208 202.
853 3146 894 3206 τὰ
919 3143 975 3220 μὲν
1001 3144 1036 3218 δὴ
1056 3142 1158 3224 βρέφη
1181 3141 1337 3227 (Romulus

52 3289 55 3292 ⁴
147 3271 177 3324 ct
197 3264 316 3348 Remos)
342 3261 517 3343 κνυζώμενα
542 3265 625 3327 κατὰ
650 3268 703 3328 τοῦ
727 3263 884 3338 σέλματος
908 3263 1113 3340 ἐκαλινδεῖτο,
1138 3262 1272 3326 λύκαινα
1302 3259 1333 3323 δέ

92 3465 94 3470 Ι
147 3406 193 3454 τις
225 3383 414 3464 ἐπιφανεῖσα
447 3384 579 3455 νεοτόκος
615 3390 788 3463 σπαργῶσα
820 3383 890 3454 τοὺς
925 3383 1044 3459 ausoris
1079 3382 1136 3446 ὑπὸ
1171 3380 1334 3460 γάλακτος

147 3501 280 3567 ἀνεδίδου
304 3503 362 3576 τας
387 3503 482 3578 θηλὰς
507 3513 570 3578 ταῖς
594 3504 728 3582 σάμασιν
753 3506 853 3567 αὐτῶν
877 3503 929 3566 καὶ
955 3512 992 3584 τῇ
1018 3492 1144 3583 νλῶππρ
1168 3503 1218 3567 τὸν
1238 3500 1334 3574 πηλὸν

147 3617 168 3702 ᾧ
201 3621 370 3705 κατάπλεα
402 3619 478 3698 ἦσαν
507 3629 725 3708 απελσχμσῖπσ.
777 3630 861 3688 Vidit
891 3629 958 3687 leaeo
981 3633 1101 3705 pastor,
1134 3630 1185 3708 qai
1207 3627 1335 3706 ρνναννναα

147 3743 269 3821 &xoris
304 3739 336 3817 ἦν
369 3747 424 3811 ὑπὸ
457 3747 596 3825 θάμβους
631 3747 721 3832 (quid
744 3750 864 3811 mirum
873 3743 899 3830 l)
924 3757 954 3809 ct
972 3746 1101 3829 reliquas
1117 3755 1253 3827 pastores
1276 3745 1330 3803 cla·

146 3885 226 3926 ναονσ
244 3878 395 3929 convocat:
414 3870 452 3939 ὥς
473 3867 503 3932 δὲ
525 3869 656 3932 κάκεῖναι
678 3868 805 3940 πλησίον
827 3866 962 3938 ἕλ’θόντες
977 3864 1087 3943 ἔμαθον
1100 3866 1153 3938 τὴν
1166 3864 1222 3940 μὲν
1234 3860 1332 3938 ὥσπερ

147 3981 240 4048 τέκνα
265 3986 487 4066 περιέπουσαν,
510 3987 552 4052 τα
570 3987 596 4052 δ’
616 3991 655 4058 ὦς
675 3989 787 4067 ματρὸς
810 3986 983 4069 ἐξεχόμενα
1002 3984 1153 4063 δαιμόνιόν
1173 4008 1203 4048 rr
1222 3991 1332 4063 χρῆμα

150 4184 343 4196 ——1-—o-A-

182 4304 205 4364 1)
223 4306 339 4371 Vortriige
356 4306 414 4356 iiber
431 4306 556 4358 Rsninhe
573 4306 713 4358 Gesohichte
729 4308 795 4359 Tom.
815 4309 835 4358 1.
854 4324 906 4374 pag.
924 4307 965 4358 43.

181 4386 205 4448 2)
222 4404 270 4446 „er
285 4405 335 4437 ααν
350 4389 389 4437 cin
405 4390 459 4437 sehr
475 4392 636 4454 verstdmts'per
653 4391 753 4440 Μαννα.”
771 4392 788 4441 l.
798 4392 814 4440 l.
832 4407 885 4456 pag.
903 4392 942 4440 44.
