3076 5004
759 248 778 316 7

174 435 286 511 oredo,
318 438 379 502 erit
408 438 533 521 potiore
562 436 718 522 quaedam
747 438 785 504 de
809 437 867 505 illo
888 458 1003 527 genere
1025 436 1168 522 primurn
1196 434 1281 501 κατόν
1304 459 1363 504 τοι·

172 551 259 622 χεῑον
285 544 343 609 snb
366 564 430 609 uno
453 548 624 630 conspeetu
645 566 770 630 ponere.

173 649 336 725 ἀδημονεῖν
362 650 432 737 (pro
451 652 602 736 ἀπορεῖν).

172 754 318 833 ἀθέμιτας
344 759 414 843 (pro
437 756 581 845 ἀνόσιος).

173 861 321 943 ἀμαρτοίς
354 863 423 949 (pro
446 863 606 945 ἀμαρτία,
636 862 739 946 ἀμοίρ-

211 971 332 1059 ἴτημα).

174 1075 364 1157 ἀμφίπολοι.

173 1181 333 1262 ἀνοκοιχαί
356 1179 425 1266 (pro
446 1181 586 1269 ἀνοχαό).

174 1286 442 1365 ἀποσκιδνοίμενοι.

175 1395 311 1470 ἀπτήνες
334 1395 458 1460 νεοττοί.

173 1498 289 1581 ἀχαρις
314 1499 471 1583 συμφοραί.

172 1608 313 1687 βοτῆρες.

172 1711 347 1792 γεινάμενοι
378 1711 444 1798 (οἱ).

172 1818 339 1899 γειναμένη
366 1819 423 1905 (ή).

172 1926 409 2004 διαλλακτήρεε.

174 2032 261 2104 δίκας
286 2033 377 2096 τίνειν
399 2034 467 2116 (pro
491 2029 575 2105 δίκην
598 2028 737 2114 διδόναι).
766 2072 768 2079 -

172 2137 304 2218 δοτήρες.

173 2243 736 2328 δυσποτμίαψτοδυςυχία,ἀτυχία).

174 2349 358 2430 δθσποτμος.

174 2455 310 2535 ἔγκοτον.

174 2563 399 2643 ἐγκυρήσαντες
424 2562 493 2650 (pro
516 2561 721 2648 ἐντυχόντες).
767 2654 770 2669 '

174 2670 293 2746 έδιοδής.

173 2882 401 2963 έλαςρηθέντες.

174 2989 326 3066 ε’μοίςευεν
352 2991 421 3075 (pro
445 2989 567 3075 ἐζήτει).

136 3145 140 3155 .
174 3096 349 3162 ἐνετείλαντο
378 3095 552 3183 (ἐκέλευσε,
585 3095 736 3177 προσέτα·

218 3200 297 3286 ξεν).

175 3310 374 3390 ἐπερρόθησαν
401 3309 670 3396 (ἐπεσημήναντο).

175 3416 343 3496 έπιτρεφής
370 3420 402 3479 et
427 3415 597 3496 ε’πιτρεφῶς
626 3413 737 3499 (Hero-

220 3522 313 3588 dotus
336 3519 549 3606 έπιςθεφέιος).

173 3629 306 3702 εθπετής
330 3634 363 3694 et
385 3628 520 3698 εὐπετῶς
545 3628 614 3712 (pro
625 3627 738 3711 ρ’ρίδιος)

219 3734 401 3800 Herodotus
423 3732 586 3806 εὐπετέως.

174 3841 331 3919 εὖποτμία
357 3840 531 3927 (εὐτυχία).

173 3944 312 4026 ἐχόμενα
336 3946 486 4031 (τροφής).

172 4052 289 4130 θαμινά
314 4051 497 4137 (πολλάκις,
521 4049 698 4138 συχνάκις).

172 4156 352 4239 θεοπρόπους
372 4157 442 4244 (pro
462 4156 608 4241 θεωρούς).

767 2684 770 2717 Ι

174 2775 422 2855 ἐκπαγλούμενοι
447 2775 700 2864 (ἐκπλαγέντες).
766 2746 770 2844 ί

818 542 901 610 Sunt
924 549 1033 610 antem
1055 543 1150 608 haee:

799 649 969 733 θεοπρόπιον
982 652 1051 735 (pro
1066 645 1222 729 χρησμός,
1235 647 1362 736 λόγιον).

801 757 948 837 θέσφατα
973 754 1146 843 (χρησμοί).

799 865 998 947 κερασθήναι,
1019 862 1251 942 ε’πικερκσθήνοιι
1265 911 1273 939 ,
1288 884 1365 938 συγ·

844 970 1023 1049 κερασθήναι
1040 971 1109 1053 (pro
1127 969 1296 1052 κραθῆναι).
1326 966 1364 1032 In

843 1075 981 1159 perfeeto
1001 1078 1180 1140 constanter
1197 1074 1361 1156 κέκραμαι.

797 1182 884 1253 κλέος
910 1180 1065 1267 (εὔκλεια,
1090 1177 1142 1256 δόξ
1167 1179 1190 1266 ).

798 1284 896 1351 κότον.

798 1392 1006 1466 κυδαίνοντες,
1031 1392 1225 1459 κυδαίνουσα.

799 1497 889 1572 λιτάς
919 1499 1092 1586 (ἱκετείας).

798 1604 949 1682 μόςευσις
974 1592 1050 1691 (pro
1066 1605 1215 1687 ζήτησις).

797 1711 960 1790 μελεδανοί
981 1713 1051 1797 (pro
1078 1713 1293 1798 ἐπιμεληταί).

797 1817 884 1895 μένος
911 1817 1030 1902 (θάρσος
1057 1817 1133 1902 καί).

796 1923 981 1999 μετανοίςας
1007 1928 1077 2009 (pro
1101 1926 1284 2010 μετοίκους).

796 2027 982 2108 μετιόφρενα
1008 2037 1077 2116 (pro
1102 2033 1209 2112 νῶτα).

796 2134 884 2212 μόρος
902 2159 972 2214 rnen,
992 2160 1068 2201 ιιιοικ
1081 2139 1222 2216 violento,
1236 2137 1365 2211 οίκτιςος

841 2242 941 2323 νόοιο·

797 2349 829 2412 οὐ
853 2350 1000 2430 φρενήρης
1026 2349 1247 2436 (μαινόμενος).

797 2454 1048 2535 παρεπλάγχθη.

798 2555 995 2640 παρήχηκεν.

798 2664 957 2745 πέπραται
982 2663 1165 2759 (εἵμαρται).

798 2771 920 2843 πίσυνος
944 2774 1132 2860 (πεποιθώς).

798 2880 915 2953 πληθύς
936 2881 998 2965 (ἡ),
1024 2883 1139 2956 πληθὺς
1165 2885 1332 2965 ἐπιβοῶσα.

798 2987 878 3051 σέλα
902 2987 1140 3078 (λαμπηδόνος).

798 3092 949 3169 σινόμενος
998 3094 1066 3178 (pro
1112 3097 1280 3187 βλοίπταν)
1329 3111 1361 3171 ot

842 3199 948 3273 ἀσινής
974 3200 1162 3289 (ἀβλαβής).

797 3304 995 3385 συγκύρημα.

797 3412 991 3492 συμφέρεται
1018 3413 1080 3499 (ἐπὶ
1104 3414 1146 3479 τά
1171 3419 1321 3505 κρείττω).

797 3519 936 3598 συνίςορα
958 3527 1089 3584 ποιεῖται
1111 3523 1360 3618 (ἀνακοινοῦται).

797 3627 887 3690 τίνειν
912 3625 999 3697 δίκας
1029 3627 1170 3714 (καλόις).

798 3733 1057 3812 ὑπομαργότερος.

796 3840 945 3919 χερνήτης
971 3840 1039 3924 (pro
1064 3839 1170 3920 πένης,
1194 3841 1327 3930 ἀπορος).

794 3946 890 4027 χόλος
914 3947 1029 4033 (όργή).

795 4051 939 4134 ᾠκημένοι
966 4053 1035 4139 (pro
1058 4054 1231 4141 οἰκοῦντες).

218 4261 383 4332 Contraria
412 4270 487 4329 sunt
517 4265 568 4329 his
598 4270 630 4329 et
657 4264 750 4349 piano
773 4267 916 4349 opposita
939 4287 1018 4351 qnae
1042 4269 1158 4333 sumsit
1182 4290 1221 4333 ex
1244 4268 1360 4338 Roma-

171 4393 284 4439 norum
314 4373 522 4438 sermonibus.
569 4370 687 4451 Scribit
718 4373 751 4435 in
783 4371 976 4457 praefatione
1008 4374 1150 4452 didicisse
1169 4398 1201 4439 ee
1225 4377 1358 4460 θίιιριιανι
