3076 5004
668 285 708 356 15

87 478 281 562 locutiones,
315 481 430 567 quibus
460 472 607 547 lubenter
639 484 671 547 et
701 481 882 567 frequenter
913 478 947 544 in
978 475 1088 547 eadem
1111 501 1145 545 re
1168 482 1281 545 utitur.

93 595 291 666 Concurrere,
324 589 497 673 οοαρθίροσο,
514 589 665 673 proelium
688 588 881 666 committere,
906 610 1024 651 morum
1046 609 1196 651 conserere
1219 609 1283 650 cum

88 702 171 764 θοιθο
194 700 375 763 constanter
398 694 482 780 apud
507 715 582 760 eum
607 701 655 762 est
679 695 771 772 όριόσε
795 702 906 775 χωρεῖν
929 702 992 767 τοῖς
1017 693 1198 772 πολεμίοις,
1223 693 1284 756 iam

90 812 180 870 crica
204 802 392 880 παλαίτερον
416 799 481 878 ἔτι,
508 803 572 866 roto
596 802 641 869 ἐτι
664 825 715 878 μοι
739 800 934 882 βουλομένῳ,
958 800 1025 864 irre
1049 822 1164 864 coccum
1187 798 1284 864 rideri

91 910 205 987 νηποινί
237 908 378 975 τεθνάναι
410 912 556 973 sumtum
587 929 605 973 a
635 906 848 973 Demosthene
876 912 909 972 et
932 909 1064 973 eaeteris
1087 905 1283 972 Oratoribus.

90 1017 203 1103 Itaque
231 1018 260 1080 si
282 1015 362 1081 forte
386 1013 464 1099 quid
485 1013 601 1079 horum
624 1016 658 1078 in
680 1014 832 1079 mendosa
855 1012 990 1079 lectione
1014 1011 1173 1078 delitescit
1195 1010 1285 1078 facili

90 1125 220 1210 negotio
251 1126 336 1187 certa
366 1119 586 1186 emendatione
617 1140 656 1184 ex
685 1119 817 1205 reliquis
846 1118 942 1195 loeis,
976 1119 1034 1183 nbi
1055 1118 1143 1183 idem
1165 1121 1285 1184 mansit

92 1231 331 1313 incorruptum,
364 1227 399 1290 in
425 1227 591 1313 integrum
623 1228 814 1291 restituitur.
862 1223 995 1309 Saepius
1027 1224 1168 1310 exempli
1191 1244 1286 1290 causa

94 1335 178 1422 apud
196 1355 270 1399 eum
291 1334 426 1398 recurrit
444 1334 478 1396 in
496 1331 622 1419 legibus
638 1334 768 1398 sacratis
780 1331 893 1404 νηποινί
908 1330 1050 1413 (νηποινεὶ
1062 1329 1139 1395 libri
1150 1330 1285 1416 veteres)

93 1439 254 1518 τεθνάναι,
280 1457 334 1514 om
356 1457 392 1503 ru
416 1455 538 1503 occrsrr
562 1455 599 1504 sn
618 1457 744 1504 naeuus
764 1455 862 1514 asro,
881 1436 985 1504 veluti
1004 1456 1079 1523 pag.
1100 1434 1176 1501 258.
1200 1432 1285 1508 θοονς

93 1546 257 1628 ἐβούλοντο
286 1543 399 1620 ννποινί
424 1542 584 1628 τεθνάναι,
609 1549 642 1610 et
664 1566 737 1633 pag.
765 1544 862 1609 1015.
887 1542 937 1608 τόν
961 1543 993 1608 δέ
1017 1541 1103 1623 παρόν
1126 1541 1232 1608 ταῦτά
1256 1566 1286 1607 τι

93 1663 190 1721 ποιεῖν
223 1653 438 1734 ἐπιχειροῦντα
472 1650 538 1737 (our
571 1668 668 1718 sacas
698 1653 807 1737 mla)
833 1649 946 1724 ννρποινί
970 1647 1112 1715 τεθνάναι
1136 1648 1286 1727 κελεύων,

93 1768 127 1828 et
151 1781 225 1848 pag.
251 1757 349 1825 1380.
375 1759 423 1823 δεῖ
443 1756 513 1829 τοὺς
537 1761 643 1821 ταῦτα
667 1762 829 1828 ποιοῦντας
852 1755 994 1822 τεθνάναι
1014 1755 1141 1829 νηποινί.
1175 1755 1287 1841 Itaque

92 1889 168 1956 pag.
199 1862 299 1931 2083.
327 1865 384 1930 ubi
418 1865 452 1928 in
479 1863 571 1930 libris
593 1869 658 1930 est:
682 1872 744 1936 τοῖς
768 1863 868 1942 νόμοις
891 1855 918 1928 σί
942 1861 1129 1928 κελεύουσιΝ
1153 1862 1168 1938 ἢ
1194 1870 1288 1927 ποιεῖν

95 1975 112 2049 ἐρ
145 1971 287 2040 τεθνάναι
318 1970 389 2044 τοὺς
423 1970 613 2050 ὑβρίσαντας
637 1971 680 2036 τά
705 1976 763 2035 τῶν
788 1969 955 2052 δημάρχων
978 1970 1129 2046 σώματα,
1152 1971 1289 2035 minime

94 2101 176 2167 opus
199 2082 247 2145 est
270 2075 494 2144 Oasaubonum
518 2099 584 2142 esse
608 2081 646 2142 ut
668 2079 817 2143 continuo
841 2076 989 2142 emendes
1011 2076 1094 2162 quod
1117 2075 1174 2143 ille
1197 2097 1289 2143 occu·

94 2189 204 2274 pavit:
235 2177 261 2250 οί
292 2183 448 2249 κελεύουσι
482 2192 693 2249 ΝΗΠΟΙΝΕΙ
727 2183 869 2249 τεθνάναι
903 2184 973 2255 τοὺς
1010 2182 1200 2263 ὑβρίσαντας
1232 2185 1289 2270 (είς

96 2290 293 2378 addendum)
315 2291 358 2356 τόν
382 2297 440 2356 τοῖν
465 2289 633 2370 δημάρχων
658 2287 805 2366 στόματα.
853 2289 975 2356 Eodem
998 2292 1103 2377 igitur
1124 2290 1220 2356 modo
1241 2293 1290 2356 vi-

96 2401 184 2465 tium
214 2397 294 2476 loci,
327 2417 389 2482 quo
420 2396 458 2463 de
489 2398 635 2484 agimus,
666 2395 738 2461 tolli
761 2398 888 2480 poterit.
934 2395 1092 2461 Homines
1114 2400 1290 2482 pertinaces

98 2509 133 2572 et
155 2504 307 2571 obstinati
331 2524 350 2570 a
368 2502 524 2589 Dionysio
548 2502 612 2566 dici
632 2501 734 2566 solent
752 2502 834 2566 οὐδὲν
855 2501 1000 2576 μαλακόν
1020 2501 1180 2578 ἐνδιδόναι,
1203 2524 1291 2568 aum-

96 2617 170 2676 tum
191 2612 231 2677 ab
253 2609 433 2694 Herodoto,
459 2630 477 2675 a
500 2630 561 2695 quo
584 2608 726 2694 plurima
746 2607 810 2674 alia
828 2609 948 2694 passim
968 2612 1146 2673 mutuatur.
1171 2609 1290 2674 Herod.

97 2717 155 2783 III.
192 2716 245 2782 51.
279 2715 456 2797 Περίανδρος
487 2716 633 2794 μαλακόν
664 2713 807 2780 ἐνδιδόναι
835 2714 1021 2795 βουλόμενος
1049 2713 1148 2792 οὐδέν,
1174 2720 1206 2781 et
1229 2715 1289 2780 III.

100 2823 176 2890 105.
219 2822 279 2897 τοὶς
323 2823 354 2888 δέ
390 2822 513 2898 θηλείας
551 2819 692 2888 ἐνδιδόναι
728 2822 874 2901 μαλακόν
911 2822 1005 2889 οὐδέν.
1065 2822 1292 2908 Aristophanes

101 2932 190 2997 Paeo
215 2928 292 2996 487.

441 3036 588 3115 μαλακόν
612 3035 640 3102 δ’
667 3034 810 3102 ἐνδώσετε
834 3035 940 3114 μερδέν.

146 3142 317 3229 Euripides
339 3142 457 3207 Helena
482 3141 558 3219 508,

446 3249 480 3325 ἢν
505 3249 531 3315 δ’
555 3250 654 3330 ἐνδιδῷ
679 3274 708 3315 τι
724 3248 907 3328 μαλθακόν.

104 3367 110 3382 ’
149 3356 282 3442 Saepius
313 3356 397 3441 apud
420 3354 549 3421 Veteres
573 3376 635 3421 non
660 3355 751 3421 credo
774 3355 851 3443 legi.
898 3357 1072 3422 Imitantur
1096 3360 1294 3422 recentiores.

103 3462 163 3529 Dio
195 3460 445 3548 Chrysostomus
476 3461 562 3527 VIII.
602 3460 676 3526 133.
691 3464 719 3526 θ.
751 3463 803 3526 καί
836 3462 931 3540 μηδὲν
958 3467 1101 3540 ranna
1126 3461 1302 3538 ἐνδιδόντα,

105 3571 223 3655 optime
253 3568 463 3633 Ruhnkenius
495 3568 535 3635 ad
565 3567 734 3635 Timaeum
759 3590 831 3656 pag.
860 3567 935 3633 101.
959 3570 1054 3647 μηδὲν
1078 3568 1223 3647 μαλακόν
1247 3590 1295 3634 re·

104 3677 219 3760 posuit.
266 3673 357 3740 Idem
387 3673 544 3739 XXXVII
573 3696 647 3762 pag.
683 3674 756 3739 102.
786 3682 845 3739 τῶν
869 3674 1023 3754 πορθμέων
1047 3675 1129 3741 οὐδὲν
1151 3680 1296 3754 {codrior

105 3781 291 3857 ἐνδιδόντων,
323 3783 500 3846 rectissime
520 3780 664 3846 Dindori.
691 3781 731 3846 ad
755 3779 808 3847 Sa.
833 3781 893 3844 Tu.
920 3784 1056 3846 correxit
1079 3782 1161 3846 οὐδὲν
1185 3797 1295 3860 μαλα-

19 3870 22 3876 ’
106 3887 164 3954 adr.
200 3887 389 3952 Damascius
412 3887 495 3972 apud
518 3885 652 3952 Suidam
676 3896 707 3952 r.
731 3895 876 3963 Δομνῖνος
897 3886 1048 3952 laudatus
1067 3909 1085 3953 a
1104 3888 1297 3954 Ruhnkenio

105 3992 158 4060 l.l.
183 3993 248 4058 οὐδὲ
273 3991 415 4058 ἐνδιδόναι
441 4016 470 4058 τι
495 3992 650 4069 μαλακόν.
699 3994 786 4058 Audi
809 3993 1002 4080 Dionysium
1027 4015 1101 4082 pag.
1126 3993 1204 4061 862.
1227 3994 1296 4060 οὔτε

107 4097 186 4165 risco
210 4100 356 4175 μαλακόν
380 4100 462 4165 οὐδὲν
486 4098 594 4172 ἐνδούς.
619 4121 692 4187 pag.
720 4099 817 4167 1017.
842 4101 1101 4177 praepararer
1122 4101 1297 4175 ἐνδώσοντος

105 4216 167 4279 τοῖς
200 4207 385 4271 άπειθοῦσιν.
416 4226 489 4294 pag.
527 4204 625 4271 1093.
659 4207 752 4284 μηδὲν
786 4204 928 4271 ἐνδιδόναι
961 4208 1003 4287 τῷ
1032 4207 1117 4288 δάμω
1141 4208 1296 4286 μαλακόν.

106 4334 179 4402 pag.
217 4312 314 4378 1524.
348 4313 402 4378 οὐκ
434 4311 472 4377 θον
504 4312 657 4391 ἐνδοίημεν
691 4312 761 4388 ὑμῖν
789 4312 933 4390 μαλακόν
964 4313 1055 4378 οάδέν.
1087 4334 1160 4402 pag.
1199 4314 1297 4380 1542.

107 4419 175 4488 οὔτε
208 4419 353 4496 μαλακόν
387 4418 526 4484 ἐνέδοσαν
558 4418 651 4500 οὐδέν.
688 4439 762 4506 pag.
802 4416 898 4484 1734.
937 4419 1019 4486 οὐδὲν
1054 4416 1220 4486 ἐνδώσοντα
1256 4423 1298 4504 τῷ
