3076 5004
643 300 708 368 209

80 495 299 581 probatiorum
321 492 400 558 locis
423 488 533 558 sedulo
557 489 750 575 expellenda.
798 488 862 555 Pro
887 500 935 556 er
960 498 992 558 et
1018 500 1094 557 c'rr
1118 493 1152 556 in
1175 490 1266 559 libris

81 603 222 686 antiquis
247 607 302 664 ΕΝ
326 606 357 664 et
382 605 464 662 cTN
489 598 655 674 scribitur,
679 603 717 661 ut
739 618 811 685 pag.
834 596 931 664 1165.
956 620 1013 685 pro
1040 621 1266 677 συγκατακτη-

83 706 232 785 σαμένους
263 709 297 770 iu
327 706 481 772 Urbinate
516 710 562 769 est
596 700 644 769 οὖν
679 705 974 781 κατακτησαμένους
1009 726 1048 771 ex
1084 713 1266 771 csNKAT.

83 818 207 879 natum.
242 811 295 877 Sic
314 813 345 877 h.
362 811 382 877 l.
406 809 676 889 ’θΝΓΕγυημένοι
697 812 731 875 in
747 811 968 890 ένεγγυημένος
983 818 1031 877 est
1047 813 1266 898 depravatum.

129 1055 209 1143 Pag.
241 1051 339 1120 2231.
371 1053 665 1130 ταύτην-συνήθη
690 1053 742 1118 καὶ
767 1053 898 1120 siccitas
921 1051 1023 1120 οὖσαν.
1048 1060 1270 1140 praeterquam

84 1162 117 1227 h.
130 1161 152 1226 1.
185 1161 285 1226 semel
315 1166 442 1226 tantum
474 1160 596 1230 εἰσέδιοι
629 1160 750 1247 legitur
784 1160 868 1246 apud
902 1161 1109 1245 Antipatrum
1143 1159 1271 1227 Stobaei

85 1269 194 1332 Floras
229 1265 283 1333 70.
318 1266 369 1331 13.
402 1267 592 1346 (indicatum
616 1287 635 1332 a
657 1263 819 1332 Dindorfio
843 1286 882 1331 ex
905 1265 1179 1353 Wyttenbachio):
1205 1289 1271 1331 πον·

87 1373 178 1445 κέλως
207 1371 387 1449 ἐξητακέναι
412 1372 464 1437 καὶ
489 1372 539 1437 διὰ
563 1373 674 1437 δούλαν
697 1371 749 1437 καὶ
774 1371 931 1454 ἐλευθέρων
955 1379 1013 1438 τῶν
1033 1397 1069 1436 τε
1087 1371 1199 1437 ἔνδοθεν
1220 1372 1271 1438 καὶ

12 1556 17 1562 .
85 1487 143 1546 τῶν
175 1478 280 1554 ἔξωθεν
312 1484 363 1544 καὶ
396 1479 446 1544 διὰ
476 1478 618 1557 γειτόνων
653 1477 705 1543 καὶ
741 1484 799 1543 τῶν
837 1474 941 1543 ἄλλων
976 1479 1117 1544 siccatae.
1173 1479 1274 1545 Variis

86 1587 196 1664 mode,
218 1587 341 1670 inquit,
362 1585 395 1648 νά
404 1586 540 1669 facturae
558 1584 661 1649 coorta
679 1585 829 1666 ispaniam
847 1591 875 1648 et
888 1607 981 1649 mores
992 1584 1215 1671 inquirendum:
1229 1624 1271 1636 —

86 1700 115 1757 ct
132 1692 325 1775 pervictam
348 1699 376 1755 ct
391 1713 449 1775 per
472 1698 601 1755 caeterea
623 1691 675 1776 qut
698 1691 797 1755 caebro
820 1689 884 1753 ανάο
907 1691 1021 1754 domam
1043 1691 1145 1756 venire
1164 1694 1270 1760 colent.

84 1797 203 1864 Eodem
227 1800 328 1885 igitur
351 1817 444 1861 sensu
466 1796 639 1883 Dionysius
663 1795 771 1871 σννηέη
795 1797 846 1860 καὶ
872 1796 1002 1861 siccitas
1026 1797 1117 1862 dixit.

132 2042 213 2129 Pag.
239 2038 339 2105 2232.
367 2039 393 2127 (ὃ
418 2038 519 2119 νόμοι)
539 2039 571 2104 οὐ
591 2044 649 2103 τῶν
671 2037 933 2117 ὑποβαλλομένιιν
953 2038 1042 2104 ἄλλα
1062 2046 1119 2105 τῶν
1138 2040 1275 2122 μητέρων

85 2143 161 2214 εἶναι
195 2146 237 2212 τοὶ
262 2144 374 2224 ἔκγονα
400 2146 518 2212 δικαιοῖ.
564 2143 751 2211 Ridiculum
775 2148 823 2208 est
844 2165 991 2229 praesens
1013 2147 1274 2227 ὑποβαλλομένων

85 2274 143 2340 pro
166 2254 286 2320 corteto.

134 2480 218 2567 Pag.
244 2477 344 2544 2233.
368 2478 382 2542 ὁ
407 2475 477 2557 πρὸς
499 2473 650 2547 Αἰκανοὺς
671 2473 722 2548 έτη
743 2475 890 2553 πόλεμος.
919 2473 1129 2544 'Oasaubonus
1148 2480 1273 2561 οννέςη,

94 2587 147 2652 scd
172 2586 252 2652 solet
275 2585 448 2672 Dionysius
470 2583 562 2657 ανέτη
587 2583 699 2647 dicere.
735 2581 812 2646 Erat
833 2585 867 2646 in
886 2581 968 2649 libro
990 2586 1166 2670 antiquiore
1186 2611 1277 2652 αικαν

90 2717 142 2768 εςη
164 2708 303 2770 πολεμου·
323 2713 396 2756 cum
408 2689 593 2776 compendio
604 2686 745 2773 syllabae
757 2712 805 2760 ους
819 2688 859 2753 ad
870 2712 962 2754 αικαν
975 2695 1006 2754 et
1018 2692 1063 2754 sic
1075 2697 1168 2757 natus
1180 2714 1274 2760 error.

134 2918 214 3005 Pag.
247 2914 347 2981 2238.
378 2915 485 2981 locum
510 2919 615 2979 totum
638 2915 684 2979 sic
708 2916 905 2998 scripserim:
929 2912 1040 2991 μηκέτι
1066 2917 1120 2989 την
1143 2916 1277 2998 ὀνειδιζο-

89 3022 180 3102 μένην
214 3024 284 3098 ὑμῖν
316 3023 404 3100 αρνοῦ
436 3020 597 3097 τυραννίδα
629 3019 718 3083 ἄλλα
748 3019 799 3083 τὸν
830 3020 903 3095 ἐμέν
928 3019 1092 3101 ἀποκόψας
1118 3021 1275 3104 τράχηλον

89 3132 205 3203 ταύτην
227 3154 261 3193 τε
288 3127 429 3203 ἄπαγε
455 3125 542 3190 ὅποι
567 3150 612 3191 σοι
636 3126 719 3190 δοκεῖ
740 3124 792 3189 καὶ
816 3126 875 3197 τοὶς
900 3124 1003 3197 οἳλλας
1028 3124 1196 3205 παρθένους
1221 3131 1274 3194 καὶ

90 3232 253 3313 γυναῖκας.
302 3232 339 3297 In
369 3231 461 3297 libris
492 3237 539 3296 est
570 3233 757 3309 ἀπαγαγεῖν
786 3229 877 3300 ὅπου.
903 3232 1109 3316 quamobrem
1134 3232 1277 3324 Sylburg

89 3344 239 3429 probante
269 3340 399 3405 Editore
429 3340 587 3422 operosius
618 3341 810 3402 correxerat:
844 3337 895 3401 τὸν
920 3338 991 3414 ἐμὸν
1022 3341 1168 3404 κέλευε
1200 3344 1277 3406 οξτο·

91 3450 195 3528 κέψΑΙ
227 3446 383 3524 τράχηλον
413 3443 529 3516 ταύτην
562 3468 597 3507 τε
628 3445 827 3521 ἀπαγαγεῖν.
873 3443 937 3509 Sed
960 3466 1061 3529 neque
1084 3471 1120 3510 τε
1144 3468 1200 3532 pro
1223 3450 1278 3514 καέ

90 3557 122 3619 in
154 3574 191 3619 ea
221 3553 447 3636 compositione
477 3553 561 3614 recte
591 3552 719 3633 ponitur
751 3555 783 3616 et
814 3551 1016 3635 perspicuum
1041 3557 1089 3617 est
1111 3555 1279 3622 coniuncta

93 3681 157 3729 esse
180 3658 297 3732 ταύτην
323 3682 357 3722 τε
383 3656 434 3721 καὶ
458 3655 517 3726 τοὶς
542 3652 656 3725 ἄλλας.

136 3887 217 3973 Pag.
250 3881 349 3948 2241.
382 3882 473 3954 ν’νξιῶν
506 3878 599 3943 αὐτὸν
628 3878 775 3958 κατέχειν
806 3882 857 3946 τὸν
880 3879 974 3961 ἄνδρα
999 3885 1028 3946 ἕν
1052 3884 1199 3962 ἐπιμελεῖ
1218 3895 1280 3971 Φυ-

94 4002 175 4072 λακῇ
208 3992 251 4069 μη
283 3991 361 4069 λοέέη
392 3986 556 4061 πυθόμενος
581 3986 624 4050 τὰ
648 3986 714 4065 περὶ
738 3987 793 4061 την
816 3987 972 4066 θυγατέρα
997 3991 1077 4075 [καὶ]
1104 3991 1226 4071 διαδρὰς
1246 3997 1279 4062 ἐκ

92 4100 125 4163 ἐκ
147 4104 200 4162 τοῦ
225 4095 374 4176 χάρακος.
421 4091 653 4176 Interpolatum
677 4093 731 4155 καί
754 4096 943 4158 sententiam
967 4093 1029 4160 loci
1050 4099 1152 4162 vitiat.
1198 4096 1278 4167 Gon-

92 4209 200 4271 iuncta
230 4208 305 4269 sunt
335 4202 378 4277 aa
412 4199 490 4278 λοέέη
523 4197 644 4274 διαδράς
671 4205 704 4262 et
727 4197 891 4274 evitasses
918 4204 965 4263 est
989 4201 1115 4266 inertas
1136 4208 1280 4281 πύθηται.

94 4313 223 4378 Poterat
255 4312 340 4375 enim
371 4307 447 4370 clam
478 4326 518 4370 ex
547 4306 658 4370 castris
690 4305 838 4380 evadere,
865 4303 919 4369 sed
943 4304 1086 4374 dsfiliae
1110 4317 1283 4382 casualem

94 4420 207 4485 certior
231 4413 298 4481 fieri
322 4434 384 4480 non
407 4414 540 4497 poterat.

140 4535 208 4572 mors.
228 4533 286 4569 ma.
1108 4525 1138 4570 14
