3076 5004
823 253 866 322 et

302 439 383 533 Pag.
408 440 483 511 718.
508 439 599 515 οίίτας
624 441 728 522 ὀλίγον
752 445 814 515 ἒςίν
837 446 867 510 ἕν
892 449 962 516 ταῖς
986 439 1111 522 ίςορίανς
1132 444 1226 508 αὐτοῦ
1246 443 1352 530 (Fabii
1370 442 1445 509 Pic-

257 551 347 639 toris)
379 551 413 615 τὸ
444 551 510 633 περὶ
541 552 595 624 τὴν
620 548 758 626 ἐξέτασιν
781 558 836 626 τῆς
861 549 1007 622 οίλνίείας
1031 547 1235 629 ταλαίπωρον.
1282 549 1320 615 Iu
1343 559 1372 615 A
1394 553 1457 615 est'

258 657 486 737 circatorem.
534 658 622 721 Alias
652 678 702 722 res
733 658 869 744 agebant
901 659 956 740 qui
987 656 1203 734 circestrensis
1235 657 1446 722 defendebant

259 781 297 826 ex
327 761 514 849 Thucydide
544 773 568 826 1.
602 760 655 827 20.
680 759 773 835 οὕτως
798 762 1016 842 ἀταλαίπωρος
1042 770 1102 833 τοῖς
1128 771 1253 833 πολλοῖς
1279 763 1295 836 ἡ
1320 761 1446 842 ζήτησις

256 875 312 940 τῆς
343 867 507 945 ἀληθείας,
540 869 609 932 iure
639 888 658 932 a
683 867 879 954 Kiesslingio
902 869 1013 933 notati.
1060 867 1182 933 Eodem
1205 868 1301 932 modo
1324 869 1447 932 Aristo-

256 971 375 1057 phanes
398 973 498 1038 dixit:

438 1076 529 1152 οὕτως
555 1081 658 1151 αὐτοῖς
686 1078 912 1159 ἀταλαιπώρως
937 1082 953 1154 ἡ
979 1079 1097 1153 ποίησις
1121 1078 1284 1146 erexeras.

302 1191 466 1276 Expressit
496 1188 669 1273 Dionysius
700 1187 824 1250 dictum
855 1186 1052 1273 Thucydidis
1081 1189 1128 1251 ita
1158 1190 1196 1251 ut
1226 1206 1283 1272 pro
1306 1181 1447 1250 οίταλαί-

259 1327 354 1384 πωρος
378 1297 585 1364 substitueret
608 1291 711 1369 ὀλίγον
735 1291 769 1356 τὸ
793 1292 999 1370 ταλαίπωρον.

302 1409 381 1474 Post
404 1421 504 1489 pauca
526 1400 631 1464 editur
655 1397 668 1461 ί
692 1398 857 1476 Ταρκύνιος
878 1396 1036 1476 ἕποίνεταν
1056 1403 1194 1476 γυναῖκα
1213 1399 1267 1473 τὴν
1288 1395 1445 1461 Τυλλίαν.

256 1511 348 1579 Libri
368 1509 546 1588 ἀνοίγεται.
579 1503 760 1588 Utrumque
779 1504 908 1589 perinde
929 1504 1082 1569 vitiosum
1102 1509 1160 1569 est.
1195 1502 1274 1591 Leg.
1290 1504 1444 1581 '‘Aysrcr.

302 1723 382 1808 Peg.
414 1715 490 1785 718.
524 1713 661 1792 ἑταιρίας
682 1737 716 1778 τε
740 1709 1036 1788 ονναΓΑνίντες-
1050 1710 1447 1793 παρακαλοῦντες-ἐξα·

257 1826 390 1904 νούμενον
404 1862 445 1873 -
460 1822 657 1901 πράττοντες.
715 1816 813 1883 Recte
847 1815 1015 1883 Ohisianus
1050 1819 1254 1903 οννοίγοντες,
1289 1823 1327 1883 ut
1361 1821 1446 1886 ratio

257 1935 347 1999 docet
371 1936 402 1997 et
426 1931 532 1997 vicina
556 1923 754 1992 confirmant.

302 2039 392 2104 Idem
416 2037 534 2100 vitium
559 2031 763 2097 eximendum
787 2051 862 2116 pag.
889 2026 965 2094 719.
990 2029 1125 2110 ἑταιρίας
1150 2029 1202 2096 ἐπ’
1228 2031 1282 2109 ἐμὲ
1305 2055 1446 2110 συνανα-

261 2140 581 2223 νὼν-καταφανῗρς
611 2135 722 2217 γέγονέ
753 2160 816 2215 μοι.
854 2146 986 2213 Δῆλος,
1012 2137 1161 2218 φανερός,
1186 2139 1373 2217 καταφανής
1398 2138 1445 2206 ἕςο

256 2251 310 2318 vel
332 2248 459 2328 νίνονεν
475 2244 645 2330 praesectis
668 2244 821 2325 temporis
840 2242 892 2307 vel
907 2243 1038 2327 perfecti
1057 2245 1262 2328 participium
1281 2242 1446 2328 postulant

256 2362 289 2423 et
323 2353 464 2433 ονννίγον
498 2350 731 2438 corrigendum.
778 2342 826 2413 De
852 2348 1061 2443 praesentibus
1095 2350 1180 2415 enim
1214 2349 1340 2415 insidiis
1374 2349 1458 2417 Rex.

258 2465 412 2549 queritur.

301 2671 382 2758 Peg.
418 2665 496 2734 719.
533 2665 561 2731 εί
575 2690 621 2735 σν
658 2662 811 2728 νείοεταν.
861 2662 1099 2730 Commemorat
1128 2665 1241 2731 Editor
1274 2663 1446 2753 Sylburgii

257 2779 470 2843 coniecturam
501 2772 535 2848 ἦν
566 2795 595 2835 τι
628 2769 774 2844 mirarer
797 2790 859 2835 non
882 2769 1022 2835 facturus
1053 2773 1081 2834 si
1104 2773 1275 2858 cogitasset
1298 2770 1444 2846 aetram

256 2903 323 2948 esse
345 2901 467 2946 meram
490 2878 681 2943 barbariem.

302 3089 394 3170 Quod
425 3108 516 3172 saepe
547 3088 731 3152 notavimus
761 3087 796 3149 in
819 3086 975 3150 sententia
997 3083 1141 3172 longiore
1163 3086 1265 3153 fulcra
1288 3087 1445 3172 quaedam

256 3194 489 3282 amagistellis
512 3193 641 3258 inutilia
663 3193 815 3276 supponi,
839 3190 873 3255 id
896 3191 1017 3255 factum
1040 3212 1106 3256 esse
1129 3193 1252 3258 videbis
1271 3214 1345 3279 pag.
1366 3190 1444 3259 722.

255 3301 313 3366 ubi
355 3301 525 3366 deteriores
566 3297 643 3362 libri
677 3294 735 3361 ἔδει
770 3295 888 3361 habent
922 3296 1069 3362 additum
1103 3303 1187 3364 reete
1221 3301 1256 3363 in
1289 3297 1445 3365 Urbinate

255 3426 423 3472 omissum.

300 3615 382 3703 Pag.
419 3610 497 3680 723.
531 3615 566 3677 in
600 3611 692 3676 libris
725 3615 773 3676 est
806 3609 978 3688 κατοίβαλε
1013 3612 1044 3677 δὲ
1080 3614 1135 3687 τὴν
1169 3613 1443 3693 είρονείαν-καί

256 3721 380 3787 παῦσαί
411 3743 485 3784 ποτε
518 3717 573 3792 ἤδη
606 3717 727 3796 πονηρὸς
759 3717 808 3782 ὤν.
856 3717 928 3782 Non
951 3723 1007 3790 ,est
1039 3739 1095 3783 suo
1118 3716 1187 3784 loco
1209 3721 1352 3804 positum
1376 3720 1443 3796 ἤδη.

257 3827 361 3916 Lege:
387 3824 558 3902 κανοίβαλε
578 3826 683 3887 ’ἯΔΗ
710 3823 763 3896 οἱον
788 3823 936 3903 εἰρωνείαν
951 3824 1059 3888 -καὶ
1081 3824 1204 3888 παῦσαί
1223 3849 1297 3889 ποτε
1318 3825 1443 3906 πονηρὸς

255 3933 304 3999 ὤν.
350 3932 472 4014 Depone
501 3932 568 3996 iam
600 3929 687 3993 istam
716 3929 932 3994 simulationem
963 3936 991 3992 et
1018 3929 1120 3994 deciae
1142 3929 1311 4013 aliquando
1333 3932 1443 4015 impro-

229 4040 309 4102 ίαν
331 4058 401 4102 esse.

299 4244 380 4332 Peg.
413 4239 489 4312 724.
523 4241 653 4311 ίίπαντα
680 4245 756 4324 μὲν,
782 4247 819 4318 ὡς
845 4242 954 4324 ἔοικεν,
980 4244 1131 4327 ἄνθρωπον
1155 4243 1229 4311 ίντα
1251 4245 1300 4312 δεῖ
1320 4245 1443 4328 προοδο-

254 4353 323 4416 asa.
370 4347 524 4417 Sumtum
547 4373 586 4418 ex
609 4352 743 4418 Aristaei
765 4350 835 4418 VII.
861 4351 890 4417 6.
914 4350 945 4417 9.
