3076 5004
766 254 834 326 '⁸78

215 447 281 511 turi
314 447 450 511 formam
482 451 622 512 converti
642 455 794 533 oportere.
825 449 940 514 'Nullo
963 451 1092 535 negotio
1115 450 1296 512 restituitur
1319 443 1403 520 τοιή-

215 556 350 628 σΕσῖαι,
372 554 426 617 sed
450 557 570 638 reliqua
591 561 637 631 est
657 555 827 619 difficultas
846 559 880 618 in
893 556 1093 631 ιίναιρεῖσίαι.
1120 553 1284 618 Sententia
1296 558 1402 637 postu·

214 660 261 724 lat
293 661 427 724 verbum
460 659 641 747 significans
672 663 709 724 dc
738 663 832 724 ικοιίίο
864 663 983 738 tollere,
1016 684 1131 723 ααοοιο.
1181 660 1291 744 Itaque
1318 661 1404 722 οίυαι-

214 768 328 843 ρεῖσύαι
351 769 449 830 etiem
469 769 528 831 hoc
549 770 676 831 nomine
698 768 885 832 mendosum
906 773 969 842 est,
992 771 1066 851 quia
1082 773 1260 831 constanter
1272 769 1403 842 οῖναιρεῖν

215 892 250 936 eo
285 893 377 936 sensu
414 873 531 937 dicitur
565 874 649 957 apud
684 876 821 948 οιαιαειε,Ι
842 894 905 937 non
936 876 1133 952 ἀναιρεῖσθαι.
1182 872 1265 952 Quid
1300 876 1404 959 igitur

212 977 386 1064 Dionysius
416 977 558 1043 dixerat?
606 980 741 1063 Liquido
773 985 901 1063 apparet
932 983 965 1043 in
990 982 1101 1062 'vicino
1133 1001 1206 1065 pag.
1240 977 1316 1041 641.
1345 979 1403 1041 ubi

215 1083 253 1147 de
285 1085 394 1148 eadem
424 1107 457 1149 re
490 1086 622 1149 dicitur:
648 1089 783 1162 τεριδεης
808 1083 883 1150 οὖσα
907 1088 951 1160 μη
978 1089 1194 1164 κατασχόντες
1220 1087 1245 1149 οἱ
1270 1083 1401 1162 Μοίρκιοι

214 1192 269 1262 την
301 1190 400 1269 οίρχην
433 1190 608 1268 α’ίρωνται
641 1193 682 1252 τοι
714 1192 834 1255 παιδία.
882 1194 1012 1276 Saepius
1035 1194 1208 1277 Dionysius
1229 1194 1263 1254 in
1288 1190 1345 1254 tali
1369 1210 1403 1254 re

215 1295 345 1376 ίιρασύαι
381 1299 488 1380 posuit
522 1318 578 1381 pro
613 1297 786 1374 οίτολέσαι,
828 1298 1022 1377 διαφθεῖραι,
1067 1299 1231 1378 οίφανίσαι.
1290 1296 1402 1380 Itaque

213 1425 298 1468 nunc
329 1424 453 1488 quoque
484 1397 666 1487 scripserat:
698 1404 789 1466 ταυτί
822 1405 863 1466 rui
896 1405 1059 1468 nuriic—
1081 1403 1289 1481 cipridem,
1319 1402 1403 1486 quod

214 1510 326 1576 deinde
350 1513 384 1573 in
408 1511 557 1589 αἱρεῖσθαι
582 1515 613 1574 et
637 1510 823 1588 ιίναιρεῖσύαι
848 1511 886 1574 de
909 1530 997 1574 more
1021 1511 1229 1594 depravatum
1254 1514 1310 1573 est.

261 1616 295 1679 ln
326 1619 448 1701 optimo
478 1613 592 1680 Codice
624 1628 645 1679 Β
678 1637 740 1681 non
771 1618 958 1694 οίναιρεῖσύαι
990 1617 1042 1680 sed
1074 1617 1222 1693 αἱρεῖσθαι
1248 1618 1402 1699 scriptum

215 1729 279 1796 est,
312 1724 394 1807 quod
426 1726 598 1788 sexcenties
625 1725 658 1787 in
683 1722 791 1788 locum
814 1723 932 1787 formae
955 1720 1090 1800 αίρεσύαι
1116 1727 1148 1786 et
1169 1723 1305 1800 αρεῖσύαι
1330 1721 1404 1785 aub-

213 1833 369 1896 stituitur.

260 2041 340 2128 Pag.
375 2039 450 2104 666.
482 2044 588 2104 ταῦτα
616 2040 761 2117 λέγοντος
786 2043 881 2104 αὐτοῦ
906 2040 957 2104 καί
990 2043 1065 2104 οίνα
1075 2051 1220 2122 χωρεῖν
1252 2037 1309 2105 οίου
1334 2040 1399 2126 [τε]

217 2147 299 2219 ὄντος
331 2149 393 2212 cirri
424 2152 476 2210 τοῦ
510 2146 665 2223 βήματος.
713 2147 842 2211 Veteres
871 2147 975 2212 multo
1005 2148 1123 2212 melius
1154 2168 1210 2231 pro
1232 2149 1405 2226 ἀναχωρεῖν

214 2255 361 2319 dicebant
393 2252 670 2330 καταβαίνειν
702 2252 763 2315 art
795 2257 847 2316 τοῦ
874 2254 1030 2330 βύματος.
1077 2253 1333 2340 Expungendum
1356 2258 1405 2317 est

212 2385 258 2424 τε.
306 2361 429 2425 Notum
461 2364 509 2422 est
540 2359 711 2423 discrimen
741 2362 825 2425 inter
855 2355 912 2431 οἷός
948 2362 1011 2436 εῖμι
1045 2366 1077 2426 et
1110 2355 1167 2432 οίίς
1199 2385 1234 2422 τε
1258 2359 1333 2435 εἰμί.
1359 2358 1401 2423 cf.

211 2466 443 2551 Harpocration
466 2468 500 2529 in
523 2487 554 2531 v.

257 2574 355 2638 Recte
387 2573 469 2636 dixit
499 2574 533 2635 in
559 2592 593 2635 re
617 2571 726 2636 eadem
750 2593 823 2658 pag.
852 2570 925 2636 735.
953 2572 1158 2649 καταβαίνειν
1183 2571 1244 2634 riri
1269 2575 1320 2633 τοῦ
1345 2570 1404 2646 βη-

211 2703 310 2757 ματος
334 2677 533 2755 βουλομένου.

229 2890 339 2976 'Pag.
377 2887 453 2952 669.
488 2890 573 2953 κατίι
607 2891 658 2954 τὸν
689 2890 905 2963 ’Λύηναίαν
937 2887 1047 2951 κύκλον
1077 2889 1128 2951 τὸν
1161 2887 1345 2966 περιέχοντα
1369 2890 1404 2952 τὸ

212 2995 355 3062 risu—t
385 3003 439 3068 τῆς
472 2996 589 3070 Ῥώμης
624 2994 662 3057 ίιν
695 2998 807 3072 φανείη
840 2993 964 3063 κύκλος.
1012 2993 1198 3058 Ridiculum
1232 3001 1279 3058 est
1307 2995 1320 3057 ὁ
1345 3000 1404 3057 τῶν

212 3103 379 3175 Ἀύηναίιον
404 3102 514 3172 κύκλος
538 3122 594 3186 pro
618 3106 675 3164 τῶν
701 3103 848 3174 Ἀθηνῶν,
872 3100 956 3185 quod
980 3103 1122 3184 reposuit
1144 3100 1304 3164 Reiskius.
1340 3100 1404 3164 Na-

212 3222 265 3281 tus
288 3237 373 3292 error
397 3236 435 3279 ex
458 3221 564 3280 vetere
588 3217 743 3297 scriptura
767 3196 794 3274 a

150 3429 152 3434 ’
256 3423 338 3510 Pag.
363 3420 440 3488 671.
466 3424 548 3496 μήτε
581 3417 726 3483 saxosi
757 3438 829 3483 νιου
862 3427 1034 3496 συντελεῖν,
1059 3420 1258 3498 scribendum
1284 3419 1402 3485 ίιλλοσέ

212 3555 280 3607 τοι,
318 3533 392 3615 quie
424 3535 580 3592 συντελεῖν
612 3526 653 3598 είς
686 3550 771 3597 τινας
802 3532 834 3590 et
866 3525 907 3598 είς
944 3552 973 3590 τι
999 3528 1130 3596 dicitur,
1164 3533 1202 3591 ut
1224 3524 1295 3615 pag.
1323 3526 1400 3594 674.

211 3645 268 3702 τῶν
305 3635 528 3700 συντελούντων
564 3634 605 3702 είς
642 3631 693 3695 τὸν
730 3631 821 3696 αὐτὸν
856 3632 970 3710 τοίνυν.
1004 3655 1077 3720 pag.
1114 3631 1189 3700 676.
1223 3637 1264 3706 εἰς
1289 3633 1400 3714 ἄνδρας

211 3751 378 3809 συντελεῖν.

210 4060 389 4139 αρορεύουσι
421 4055 593 4133 Λιβιτίνην.
642 4055 677 4119 In
708 4055 862 4120 Urbinate
893 4059 1049 4140 scriptum
1073 4070 1120 4122 est
1144 4057 1398 4137 προσαγορεύουσι

209 4164 379 4243 ναιβιτίνην
405 4163 546 4245 „priuatis
568 4186 655 4246 εαρον
678 4186 726 4225 ναι
751 4162 893 4225 additis.'’
929 4162 1024 4228 Vides
1047 4184 1191 4228 manasse
1215 4186 1253 4228 ex
1272 4170 1399 4229 uetusto

208 4273 289 4338 libro
312 4271 346 4333 in
370 4290 432 4352 quo
456 4274 537 4333 erat:
810 4349 815 4359 ι

463 4384 1114 4443 ΠΡΟΟΛΓΟΡΕΤΟΤΟΙΝΛΙΒΙΤΙΝΗΝι
