3076 5004
800 242 864 331 in

284 444 365 543 Peg.
397 454 495 521 1499.
527 453 602 521 ὅταν
633 456 696 536 γάρ
720 455 809 525 τέλος
832 455 865 519 αἱ
891 460 948 519 τῶν
972 454 1088 519 ἱστίων
1112 452 1247 532 ίίμιλλαι
1273 437 1432 531 enitimi-

241 570 327 626 TAI.
363 559 489 628 'Graeci
520 583 629 628 omnes
659 582 836 646 numquam
866 560 958 625 aliter
988 561 1136 626 dixerunt
1165 583 1261 647 quam
1284 562 1373 632 τέλος
1398 563 1433 626 ct

241 668 339 749 άρχίςν
375 669 572 747 λαμβάνειν,
609 676 641 735 et
675 669 897 748 λαμβάνεσθαι
930 689 1003 732 oum
1037 671 1181 756 genitivo
1213 670 1431 754 componitur.

240 774 428 864 Legendum
451 779 553 864 igitur
576 777 664 848 τέλος
676 814 720 824 -
732 774 924 852 λάβΩΕΙΝ.
1251 769 1252 772 '

646 1037 690 1084 AD
712 1034 836 1084 LIBRUM
858 1035 1018 1084 OCTAVUM.

284 1198 365 1286 Pag.
398 1196 498 1263 1503.
530 1199 544 1262 ί
577 1197 639 1278 γάρ
672 1195 808 1277 Μάρκιος
840 1197 1032 1270 ἐκεῖνος-ί
1060 1197 1115 1271 τὴν
1138 1198 1187 1263 ieri
1213 1207 1251 1280 τῇ
1276 1198 1432 1278 τυραννίδι

240 1306 344 1370 αἰτίαν
370 1307 478 1385 ’Έχων
512 1305 564 1370 καί
596 1313 684 1384 φυγῇ
717 1304 806 1386 άϊδίιρ
838 1305 967 1375 ἕλαάείς.
1014 1303 1173 1390 Perpetua
1204 1306 1344 1371 confusio
1379 1311 1433 1372 est

237 1412 321 1476 inter
356 1420 480 1476 ΕΧΕΙΝ
514 1423 545 1477 et
569 1420 704 1476 cxelN.
751 1410 814 1475 Res
838 1412 906 1496 ipso
927 1413 1062 1496 requirit
1085 1413 1240 1477 aoristum
1262 1411 1366 1498 σχάν,
1390 1417 1433 1478 ut

238 1518 358 1589 ἐλαίοίς
382 1520 510 1598 (vitiose
533 1516 670 1583 Urbinas
693 1517 859 1603 ἐλασθείς).

281 1727 362 1814 Pag.
400 1725 498 1791 1503.
536 1724 699 1797 τλειςοίκις
736 1724 821 1789 κατά
854 1723 914 1796 τάς
948 1723 1064 1805 μάχας
1097 1726 1180 1792 δεινά
1211 1726 1358 1808 δεδρακὼς
1393 1726 1431 1805 ἦν

238 1835 360 1904 αὐτούς.
407 1833 479 1897 Non
509 1854 702 1921 magnopere
732 1833 772 1896 ad
802 1853 870 1896 rem
901 1832 979 1897 facit
1013 1833 1186 1904 τλειςάκις.
1235 1836 1307 1901 Non
1338 1838 1430 1900 enim

178 1964 181 1968 ⁴
237 1962 332 2026 quam
356 1940 535 2023 frequentes
558 1940 611 2004 sed
636 1960 733 2023 quam
757 1959 872 2024 graves
896 1937 1000 2002 clades
1019 1939 1137 2004 fuerint
1156 1942 1189 2004 in
1208 1941 1267 2007 tali
1286 1965 1320 2008 re
1337 1964 1430 2028 prae·

237 2050 328 2131 cipue
359 2052 528 2130 spectatur.
576 2045 761 2132 Legendum
794 2047 958 2108 existimo:
992 2047 1095 2113 τλᾶς’
1120 2047 1232 2119 αὐτοὺς
1256 2052 1342 2114 κατά
1366 2053 1429 2122 τάς

236 2156 352 2232 μάχας
376 2153 458 2216 δεινά
483 2151 630 2230 δεδρακώς
655 2156 811 2235 expuncto
835 2172 880 2234 sq.
906 2151 1028 2222 αὐτούς.
1067 2151 1166 2238 Saepe
1190 2156 1430 2223 confunduntur

237 2258 342 2324 κολλά
356 2294 396 2306 -
411 2257 582 2336 πολλάκις,
613 2265 731 2324 τλείςα
746 2295 787 2305 -
801 2258 982 2333 τλειςάκις,
1011 2263 1048 2321 ut
1072 2259 1134 2323 alio
1157 2260 1225 2328 looo
1249 2264 1428 2329 ostendam.

278 2454 356 2541 Peg.
385 2449 483 2516 1506.
511 2451 652 2521 άπάσαις
675 2451 732 2528 μὲν
756 2449 886 2528 πράξεσι
912 2452 967 2516 θεοί
994 2455 1268 2534 συλλαμβάνουσι,
1298 2458 1428 2535 consec

234 2565 265 2630 δὲ
285 2569 357 2630 ταῖς
377 2561 462 2622 κατά
484 2557 628 2635 πόλεμον.
677 2556 842 2622 Sententia
862 2579 974 2622 manca
997 2566 1045 2624 est
1062 2568 1093 2625 et
1105 2567 1268 2647 propterea
1279 2585 1430 2648 perversa

233 2676 265 2736 et
295 2667 383 2734 falsa.
431 2663 551 2729 Verum
583 2665 667 2731 vidit
700 2663 817 2728 Reislre
848 2663 978 2742 πράξεσι
1004 2667 1136 2738 δικαίαις
1167 2690 1336 2754 reponens,
1362 2672 1429 2736 nisi

233 2775 317 2861 quod
339 2772 513 2856 requiritur
537 2770 706 2837 articulus:
732 2771 874 2842 άπάσαις
900 2771 956 2847 μὲν
982 2771 1065 2859 (ταῖς
1093 2773 1239 2862 δικαίαις)
1265 2774 1426 2855 πράξεσιν.

277 2952 358 3041 Pag.
384 2950 483 3017 1507.
516 2951 693 3032 ἐτύγχανον
718 2950 749 3014 δὲ
773 2946 845 3014 τότε
870 2950 1030 3026 Ῥωμαίοις
1055 2951 1107 3017 καί
1134 2954 1334 3027 Οὐολούσκοις
1361 2957 1427 3025 ἕκε-

230 3062 345 3140 χειρίαι
379 3063 432 3122 τοῦ
465 3058 600 3133 πολέμου
628 3057 679 3121 καί
705 3055 818 3135 άνοχαί
844 3057 914 3133 πρὸς
940 3059 1096 3133 ἀλλήλους
1121 3055 1207 3125 οὖσαι
1233 3064 1363 3128 σπονδαί
1390 3088 1427 3131 τε

231 3166 349 3238 διετεῖς.
398 3164 478 3228 Vide
509 3164 593 3227 mihi
622 3165 657 3227 in
688 3161 807 3226 talibus
839 3161 986 3248 Dionysii
1009 3165 1259 3253 negligentiam,
1285 3169 1429 3255 quinon

232 3273 387 3360 cogitavit
420 3271 591 3348 ἐκεχειρίας
629 3275 661 3332 et
697 3268 817 3348 άνοχάς
854 3289 920 3332 esse
954 3269 1048 3354 plane
1079 3273 1184 3352 idem,
1217 3282 1249 3341 et
1277 3278 1335 3342 ubi
1361 3283 1429 3346 sint

231 3380 360 3443 οτονδαί
383 3376 466 3440 nihil
491 3375 630 3459 amplius
655 3394 721 3439 esse
744 3372 807 3438 loci
832 3395 934 3459 neque
959 3376 1140 3456 ἕκεχειρίκις
1159 3401 1260 3466 neque
1280 3388 1441 3466 ἀνοχαῖς·

274 3559 354 3648 Pag.
388 3556 486 3624 1508.
520 3555 553 3623 εὖ
586 3557 648 3635 γάρ
680 3556 758 3638 toti,
795 3554 859 3641 [ὡς]
893 3555 917 3619 εί
950 3561 1039 3621 τοῦτο
1071 3559 1236 3625 άκοιίσειαν
1267 3563 1349 3628 οὐδὲν
1377 3561 1424 3629 ἔτι

229 3668 440 3736 ἐνδοιάσαντες
474 3664 659 3741 ἐκβαλοῦσιν
693 3664 775 3738 ὑμᾶς
808 3663 841 3726 ἐκ
871 3670 926 3737 τῆς
955 3664 1083 3738 τίλεονς.
1132 3665 1261 3753 Optime
1284 3668 1424 3737 Urbinas

227 3775 265 3846 τίς
297 3775 427 3838 omittit.
476 3769 564 3835 Solet
597 3772 681 3834 enim
712 3766 745 3834 εὖ
778 3771 840 3849 γάρ
872 3767 950 3846 ίοίι,
984 3769 1016 3836 εὖ
1048 3771 1127 3860 tote,
1160 3771 1193 3840 εὖ
1218 3777 1275 3840 ἴσθ’
1300 3773 1362 3854 ὅτι,
1389 3770 1423 3842 εὖ

228 3875 287 3945 οἶδ’
311 3877 357 3945 ὅτι
382 3889 414 3945 et
437 3880 510 3942 sim.
536 3876 586 3943 διά
611 3876 706 3954 μέσον
732 3879 815 3963 poni.

273 4057 353 4145 Peg.
387 4054 486 4121 1509.
519 4051 611 4135 ὅρκοις
642 4055 932 4134 καταλαμβάνεται
961 4057 1030 4129 τοὺς
1053 4058 1188 4135 ὑτοίτονς
1213 4063 1288 4143 ὑπὲρ
1312 4066 1423 4147 άσφα·

225 4164 314 4234 λείας
347 4186 381 4227 τε
417 4164 537 4247 [αὐτὸς]
570 4170 626 4235 τῆς
660 4165 753 4227 αὑτοῦ
786 4164 849 4227 κτὲ.
898 4162 951 4228 Sic
982 4164 1155 4255 Kiessling.
1188 4191 1226 4234 ex
1258 4168 1420 4240 chisiano,

224 4268 397 4356 Dionysius
421 4270 544 4334 dixerat
569 4270 641 4347 ὑπὲρ
669 4274 850 4347 ἀσφαλείας
877 4296 911 4334 τε
935 4278 989 4341 τῆς
1018 4273 1110 4345 αὐτὸς
1136 4279 1253 4351 αὑτοῦ,
1280 4280 1335 4343 sed
1358 4283 1421 4344 mi·

221 4379 283 4443 rati
314 4373 373 4437 hoo
401 4378 526 4442 dicendi
560 4399 662 4465 genus
695 4384 727 4443 et
756 4380 859 4444 scriba
885 4376 1010 4444 Codicis
1041 4391 1071 4447 A
1103 4390 1136 4449 et
1158 4384 1271 4452 Editor
1293 4387 1420 4455 indocte
