3076 5004
805 217 848 306 44

278 410 358 519 Peg.
376 427 454 496 232.
471 429 631 510 ἀποχρῶσι
649 428 680 496 δὲ
698 431 748 498 τὸν
764 429 858 509 λίνον
874 426 959 495 τόνδε
977 430 1028 512 [ὡς
1049 428 1148 504 οέληίῆ
1170 418 1258 511 εἶναι]
1281 416 1421 505 'Aigostis

232 537 259 600 οἱ
290 535 356 618 περὶ
385 538 436 602 τον
466 534 578 601 Πόντον
608 536 753 618 ᾠκημένοι
784 541 998 616 τεκμηριῶσαι.
1046 535 1202 621 Expunge
1239 531 1419 616 emblema,

233 643 317 727 quod
348 664 421 709 cum
446 645 616 710 verborum
648 647 875 730 compositione
906 663 969 708 non
1000 644 1143 723 congruit
1167 644 1198 705 et
1221 659 1348 724 prorsus
1372 643 1421 704 est

231 748 356 814 inutile.
405 755 620 830 Τεκμηριῶοιιι
640 771 676 815 eo
695 771 789 815 sensu
809 748 1055 836 Thucydideum
1075 752 1131 813 est.
1180 745 1360 821 Ὠικημὲνοι
1380 746 1421 811 ab

231 851 393 921 Herodoto
417 858 550 935 sumsit,
572 858 627 941 qui
647 853 788 934 οίκηπιιι,
808 855 964 928 οἷκὲοιτοιι,
984 852 1123 930 οἰκέοιτο,
1144 850 1293 931 οἰκημένοι
1313 850 1421 918 Ionicc

231 980 319 1025 more
344 961 423 1026 dicit
444 982 501 1047 pro
525 963 619 1039 οἰκεῖ,
645 963 772 1027 οἰκοῦσιν
781 1010 789 1040 ,
815 960 924 1046 ᾤκουν,
949 962 1108 1033 οἰκοῦντες.
1326 951 1335 963 ’

275 1066 353 1131 Post
375 1087 475 1152 peuce
497 1070 619 1155 corrige
642 1068 804 1147 ἐπιμιξΙῶν
826 1089 882 1154 pro
906 1067 1093 1147 ε’πιμίξεων.

628 1325 671 1372 nn
694 1323 817 1385 nrncuu
840 1323 1020 1375 succunuu.

275 1484 355 1572 Peg.
387 1483 464 1550 241.
497 1486 566 1559 τοὺς
600 1486 635 1562 δη
667 1487 710 1552 τοὶ
742 1485 879 1565 πολέμιοί
909 1510 943 1552 τε
960 1487 1149 1557 οὶσκοῦντοις
1180 1483 1233 1548 κοιί
1262 1480 1332 1570 [τὰ]
1359 1489 1418 1548 τῶν

231 1591 394 1669 ἐπιθυμιῶν
417 1598 624 1674 κροτοῦντος,
649 1596 727 1660 ιίιιω
740 1595 951 1662 controversie
974 1590 1127 1658 articulus
1151 1589 1338 1656 eximendus
1359 1593 1417 1655 est.
1510 1615 1513 1619 ·

273 1801 353 1889 Peg.
379 1800 456 1867 241.
479 1804 635 1884 μοιχητίις
660 1804 691 1870 δέ
716 1828 754 1884 γε
779 1803 830 1869 κοιί
856 1801 987 1876 δικοιίους
1013 1799 1123 1883 ίινδριις
1148 1802 1199 1866 nai
1225 1801 1283 1871 τὰς
1312 1797 1418 1872 σίλλος

229 1907 341 1987 οίρετοὶς
375 1907 609 1983 ἐπιτηδεύοντες
638 1910 673 1974 τὸ
704 1918 759 1986 τῆς
783 1909 942 1983 πολιτείοις
963 1916 1078 1989 σχημοι
1102 1915 1196 1974 ποιεῖν
1220 1916 1322 1972 TOIC
1345 1912 1416 2001 Φρο·

205 2009 319 2089 νίμως
343 2012 419 2078 αὐτὸ
444 2017 755 2094 κοιτοιςησοιμένΟΙΟ.
805 2017 839 2082 si
864 2019 935 2102 quis
961 2017 1020 2081 hoc
1044 2018 1113 2103 egit
1139 2015 1264 2081 videbit
1290 2013 1359 2085 τοὺς
1373 2049 1416 2061 -

228 2118 504 2199 κοιτιιςησοιμὲνονς
536 2143 650 2188 verum
682 2144 758 2188 esse.
807 2124 852 2189 Τὸ
885 2122 954 2200 ἑξῆς
985 2123 1033 2209 (ut
1056 2122 1262 2210 grammatici
1283 2119 1417 2204 loquun-

228 2223 292 2311 tur)
317 2230 381 2291 est:
407 2225 442 2290 τὸ
466 2233 520 2300 της
547 2229 705 2301 πολιτείοις
730 2237 844 2310 σχῆμοι
869 2231 938 2301 τοὺς
962 2227 1114 2311 φρονίμως
1136 2226 1213 2292 οὐτὸ
1234 2248 1416 2302 κοιτωςησον·
1499 2303 1502 2307 ,

228 2329 336 2408 μένους
360 2333 515 2415 μοιχητοὶς
539 2341 629 2400 ποιεῖ.

270 2541 350 2630 Peg.
376 2540 454 2607 244.
479 2545 531 2608 cci
557 2546 673 2622 πολλην
698 2544 843 2626 σύνισμεν
868 2545 1045 2623 δεινότητι,
1071 2543 1189 2618 πολληυ
1211 2552 1268 2608 ΔΕ
1290 2543 1416 2626 σοφίην.

224 2646 407 2714 Necessario
430 2669 469 2714 ex
488 2646 681 2717 Graecorum
699 2674 761 2718 usu
780 2652 944 2719 inserenda
962 2649 1084 2736 vocula*
1096 2655 1161 2716 est:
1183 2652 1416 2740 πολληνΜθΝ

205 2778 207 2782 ·
226 2751 379 2832 σύνισμεν.

269 2963 350 3054 Peg.
376 2965 453 3031 244.
480 2971 585 3033 τοιῦτοι
610 2969 623 3032 ὅ
650 2967 805 3048 Ῥωμύλος
830 2967 967 3041 οίκοιίσοις
992 2968 1126 3046 οὲγοιποῖν
1151 2968 1208 3046 μὲν
1232 2966 1292 3051 ἔφη
1322 2970 1416 3049 βοισι-

225 3072 312 3144 λείοις
345 3070 430 3149 οίξιος
465 3073 516 3138 ὑπ’
548 3070 707 3155 ἀνθρώπων
739 3075 856 3155 κριθείς.
906 3074 956 3139 Ex
982 3073 1062 3140 falsa
1085 3076 1282 3161 oppositione
1304 3080 1417 3143 natum

224 3181 272 3241 est
292 3179 367 3242 οὶνῶν
392 3178 576 3266 (ἀνθρώπων)
601 3200 657 3266 pro
680 3182 791 3246 κύτῶν.

267 3388 347 3477 Peg.
375 3387 452 3454 245.
476 3388 590 3470 οὶςὲρων
613 3396 776 3465 πλοινητῶν
799 3415 833 3457 τε
856 3391 908 3457 uui
930 3392 1086 3459 οὶπλιινῶν.
1123 3393 1311 3483 Lugendum
1332 3408 1414 3459 πλοι-

223 3495 326 3570 νήτων.
363 3495 538 3582 Dionysius
561 3501 739 3562 constanter
763 3497 843 3562 dicit
866 3497 1210 3586 uidcn;,„rr)tcivucsc‚
1234 3502 1413 3586 πλοιννίτοιν,

223 3601 407 3679 πλοίνητοις,
440 3609 473 3669 et
504 3604 643 3682 ἀκμῆτες
676 3603 812 3691 (intensi)
843 3626 907 3670 non
938 3606 1094 3685 οὶκμῆτοιι,
1126 3610 1161 3672 in
1192 3608 1307 3693 quibus
1338 3608 1414 3673 libri

221 3711 345 3776 variare
369 3711 480 3778 solent.
527 3710 600 3776 Vid.
624 3729 696 3797 pag.
724 3707 775 3774 13.
802 3708 856 3774 28.
882 3708 958 3775 235.
984 3711 1060 3776 849.
1107 3712 1236 3779 Praeter
1259 3712 1344 3778 huno
1368 3713 1413 3779 lo·

222 3837 296 3881 cum
321 3819 427 3884 omnia
451 3817 536 3904 apud
558 3814 794 3904 Kiesslingium
820 3817 987 3883 emendate
1009 3821 1128 3905 scripte
1151 3823 1236 3885 sunt.

238 4093 240 4097 ,
264 4029 345 4116 Peg.
381 4026 455 4093 246.
490 4028 533 4093 τοι
556 4028 613 4107 μὲν
637 4025 840 4109 Ἐςροιμμὲνοι
864 4025 936 4106 πρὸς
961 4027 1019 4098 τοὶς
1045 4028 1201 4102 οὶκοιτολίις
1228 4031 1413 4107 ἡγεμονικω-

219 4132 308 4214 πίροιν
340 4143 448 4214 μοῒροιν
478 4131 544 4217 ἔχει
577 4140 635 4199 τῶν
672 4131 906 4213 προσεσπερίων.
953 4132 1141 4222 Legendum
1174 4136 1410 4217 ΤΕΤροιμμένοι

219 4242 261 4304 od
297 4240 444 4306 Orientem
475 4262 624 4306 οοιινονιο.
672 4237 863 4325 Saepissime
895 4244 1003 4305 contre
1035 4241 1159 4307 dicendi
1190 4263 1285 4308 usum
1311 4248 1342 4310 et
1365 4247 1412 4310 rei

105 4419 106 4422 ,
218 4350 367 4415 naturam
399 4346 551 4435 ε’ςρείερίιιι
583 4352 615 4413 et
637 4344 811 4427 πετρνίφίοιι
836 4347 920 4411 inter
942 4366 975 4412 se
998 4351 1127 4414 mutent
1149 4348 1266 4415 locum.
1314 4350 1412 4418 Recte
