3076 5004
718 244 762 317 43

190 432 270 530 Peg.
299 438 376 506 263.
407 443 446 514 ὠς
470 439 502 505 δὲ
527 439 694 522 Οὐαλέριος
719 439 733 504 ί
758 437 898 511 Ἀντιεύς
920 444 1025 522 φησιν.
1071 432 1260 506 Revocenda
1284 442 1332 506 'est

141 547 276 634 vulgata
305 546 400 612 lectio
432 546 445 611 t
478 547 622 624 Ἀντιάς,
655 552 693 612 ut
722 551 906 611 constautur
937 547 1021 632 apud
1053 544 1190 613 Graecos
1217 546 1332 611 Latina

142 653 245 719 forma
277 651 423 718 Valerius
454 655 568 719 Antias
599 652 786 739 appellatur.
835 651 926 732 Quod
957 675 996 719 ex
1019 653 1085 719 solo
1109 653 1262 719 Urbinate
1285 674 1332 719 re-

143 765 274 845 ceptum
305 764 353 824 est
383 759 396 823 ί
429 762 568 833 ’λντιεύς
600 763 790 824 inusitatam
817 759 954 825 formam
977 759 1083 824 habet.
1131 761 1222 844 Antii
1246 761 1331 825 cives

144 868 342 950 constanter,
374 867 471 932 etiam
499 866 583 951 apud
606 865 816 953 Dionysium,
841 867 1014 932 sexcenties
1041 866 1066 931 οί
1091 867 1253 930 Ἀντιάται
1280 885 1332 950 ap·

142 970 314 1056 pellantur.

186 1180 267 1270 Pag.
299 1179 377 1247 263.
409 1182 447 1248 de
477 1180 609 1248 Romuli
636 1181 829 1248 satellitibus
851 1184 978 1248 scribit:
1003 1182 1028 1246 οί
1052 1181 1137 1247 κατίι
1161 1181 1216 1255 τὴν
1240 1179 1331 1246 πόλιν

142 1287 396 1371 αἰχμοφόροι
439 1290 523 1368 αὐτῷ
559 1290 809 1369 παρηκολούθουν.
866 1286 1060 1370 Λίχμοφίροι
1096 1288 1135 1354 ab
1169 1285 1331 1354 Herodoto

139 1397 266 1460 sumsit.
316 1390 442 1473 Gaeteri
464 1414 574 1460 omnes
597 1394 773 1478 δορυφόρους
798 1415 850 1460 eos
874 1394 1043 1480 appellant.

187 1603 267 1692 Pag.
293 1602 368 1668 265.
395 1603 487 1669 effen
510 1603 574 1683 γάρ
598 1604 681 1687 αὐτῷ
706 1605 858 1683 φανείη
884 1601 1012 1682 τρατιάν
1033 1601 1169 1682 ἕξάγειν.
1215 1604 1331 1670 Mirari

139 1709 226 1776 soleo
248 1730 344 1794 quam
367 1709 473 1775 multa
495 1711 640 1775 eruditus
663 1711 789 1795 rhetor,
814 1713 869 1796 qui
888 1711 1014 1776 tamdiu
1034 1713 1172 1795 optimos
1191 1730 1332 1796 quosque

140 1817 311 1902 scriptores
342 1818 466 1882 Atticos
496 1816 605 1882 sedulo
630 1819 780 1894 triverat,
806 1823 915 1882 contra
937 1819 1153 1882 sinceritatem
1177 1819 1331 1882 sermonis

141 1924 329 2008 peccaverit.
379 1922 415 1988 In
444 1922 495 1987 his
519 1928 567 1988 est
589 1923 756 2001 φαίνεσθαι
781 1943 945 2008 perperam
968 1925 1109 2007 positum
1132 1924 1250 2007 passim
1274 1944 1331 2009 pro

145 2029 252 2093 δοκεῖν.
300 2027 417 2093 Onnes
441 2029 588 2094 dicebant
612 2029 703 2094 ἀτίτε
729 2031 813 2110 αὐτῷ
839 2027 963 2106 δόξειεν,
989 2026 1100 2094 atille
1124 2032 1235 2109 φανείη
1256 2032 1332 2096 viti·

144 2156 197 2202 oso
227 2135 406 2200 substituit.
453 2132 601 2200 Centenis
632 2134 705 2201 aliis
732 2134 810 2201 loeis
833 2136 918 2200 idem
943 2155 1027 2200 error
1053 2139 1203 2220 recurrit,
1228 2135 1332 2202 veluti

145 2262 218 2327 pag.
252 2239 328 2308 293.
361 2231 394 2314 ἣν
425 2240 463 2305 ἀν
495 2241 615 2312 ἐκείνοις
647 2247 733 2324 φανῇ
766 2244 914 2319 τιμωρίαν
946 2240 1119 2323 ὑφέξοντες.
1152 2263 1227 2330 pag.
1253 2240 1331 2306 295.

146 2347 245 2427 ε’φάνν
280 2348 442 2424 Ῥωμαίοις
461 2346 630 2424 -νίμουο
652 2385 693 2397 -
715 2348 745 2412 ἒν
779 2350 880 2433 ἀγορρῖ
915 2351 1020 2414 ίεῑναι.
1053 2354 1085 2414 et
1113 2369 1186 2438 pag.
1222 2346 1331 2427 1019,

148 2451 254 2532 1047,
282 2451 378 2519 1099.
404 2463 437 2518 et
458 2456 587 2539 passim.

190 2664 271 2753 Peg.
314 2663 390 2729 266.
432 2661 521 2741 τάξιν
562 2663 689 2736 ἒκάτουτ
725 2664 779 2740 τίεν
814 2666 1045 2746 τροτιίκουσΛΝ
1081 2664 1332 2743 ἀναλαμβάνειν.

147 2768 355 2838 scribendum
379 2770 566 2848 λαμβάνειν.
613 2770 784 2837 Molestam
808 2777 841 2836 et
864 2773 1037 2837 sententiae
1059 2772 1225 2837 inimicam
1244 2793 1332 2858 prae-

146 2879 335 2962 positionem
358 2878 545 2964 praecedens
568 2876 693 2964 syllaba
715 2878 847 2963 peperit.

191 3086 271 3176 Peg.
303 3085 379 3154 268.
413 3088 589 3166 τολίτευμα
621 3083 635 3153 ὃ
665 3088 790 3164 μάλιτα
821 3086 891 3158 τοὺς
926 3083 1085 3162 Ἕλληνας
1120 3088 1227 3154 ἀσκεῖν
1262 3085 1332 3154 ἔδει.

147 3192 238 3273 Quod
269 3196 304 3260 in
333 3193 391 3260 tali
413 3216 447 3260 re
466 3194 531 3259 dici
552 3193 632 3259 solet
655 3193 778 3259 τάντοιν
801 3192 926 3270 μάλιςα
950 3192 1072 3281 legitur
1094 3197 1129 3258 in
1154 3195 1245 3261 libris
1268 3215 1336 3260 om·

146 3301 257 3384 nibus,
288 3300 344 3365 sed
374 3303 448 3385 quia
479 3301 518 3366 ab
548 3321 611 3366 uno
642 3298 796 3367 Urbinato
826 3298 911 3366 male
941 3302 1105 3366 omittitur
1137 3300 1177 3366 ab
1205 3301 1336 3368 Editore

149 3411 343 3494 expunctum
366 3411 424 3472 est.

193 3615 273 3704 Pag.
311 3614 388 3684 270.
433 3624 633 3701 Σταρτιάται
668 3618 724 3697 μίν
760 3643 799 3697 γε
834 3617 1027 3691 πταίσαντες
1063 3616 1157 3699 μάχρ
1194 3626 1232 3699 τῇ
1269 3616 1335 3698 περὶ

148 3724 526 3805 Λεῦκτρα-ἀτίςνταν
569 3735 624 3800 τῆς
662 3724 843 3804 ἡγεμονίας.
905 3725 1153 3810 Argumentatio
1188 3723 1337 3811 Dionysii

147 3829 267 3895 indicat
282 3832 487 3923 =vocabulum
516 3834 657 3918 periisse,
704 3831 783 3920 Leg.
817 3830 903 3916 (μιρῖ)
933 3832 1123 3902 πταίσαντες
1154 3829 1264 3912 μάχρ,
1299 3835 1337 3896 ut
1469 3895 1470 3898 ,

148 3941 232 4002 reete
254 3938 289 4001 in
311 3940 428 4004 vicinia
450 3938 571 4027 legitur
593 3937 627 4017 ἐξ
650 3937 712 4012 ἑνὸς
738 3942 791 4004 τοῦ
816 3936 882 4018 τερ)
908 3936 1090 4017 Χαιρώνειαν
1115 3937 1337 4015 ἀτυχήματος.

192 4145 273 4238 Pag.
300 4146 379 4215 272.
402 4144 532 4215 ἀταντα
551 4156 612 4222 τοῖς
631 4149 793 4230 ἀνθρώποις
814 4146 864 4212 ἕτί
886 4148 930 4214 τά
952 4150 1077 4228 κρείττω
1099 4145 1336 4230 ΟΤΜφέρεται,

148 4252 323 4343 Kisssljng.
363 4277 402 4321 ex
435 4255 589 4322 Urbinate
623 4259 755 4336 φέρεται
790 4275 945 4341 reponens
979 4254 1112 4320 fallitur.
1159 4252 1218 4318 Est
1252 4253 1339 4317 enim

148 4359 328 4431 Herodotea
356 4362 476 4430 locutio
492 4361 574 4430 'VIL
608 4362 638 4430 8.
675 4365 703 4431 1.
736 4363 788 4433 καί
821 4364 943 4430 αὐτοῖσι
968 4365 1040 4443 ἡμῖν
1063 4359 1169 4429 τολλά
1193 4357 1338 4441 ἒτέτουτι
