3076 5004
730 262 795 348 lat

215 464 296 563 Peg.
327 469 425 539 1465.
459 470 586 549 τὲμιρροοι
609 469 844 550 ἐπιγράψαντες
869 479 907 551 τῇ
931 470 997 551 blara
1021 473 1127 550 Φννὲρν
1153 458 1247 534 άὲδιον
1272 457 1362 535 κατά

172 581 234 652 δέος
255 579 341 653 οἶμαι
362 587 415 646 τοῦ
438 581 480 654 μὲν
502 578 539 643 alr
561 579 674 642 άλιῖινιιι
696 580 747 642 τὸν
770 576 864 654 άνδροι
885 577 1016 641 θανάτου
1038 577 1121 656 αὐτῷ
1135 577 1362 650 τιμάσαντΕΟ.

172 688 226 753 Sic
252 689 385 753 Urbinas
434 687 551 750 Reiske
571 685 765 760 τιμησάντων
785 686 931 758 coniecit,
946 685 1028 767 quod
1041 683 1214 770 Kiessling.
1228 685 1363 768 recepit.

170 796 299 861 Nollem
320 796 449 860 factum.
488 797 595 868 Τιμάν
615 795 701 855 enim
723 791 760 854 de
778 789 901 852 curculio
918 790 1049 852 iudicum
1062 789 1195 872 dicitur,
1209 790 1364 865 τιμᾶσθαι

173 903 212 968 de
232 910 412 973 accusatore,
433 900 529 983 idque
549 919 676 962 summa
695 898 870 962 constantia
886 896 970 979 apud
989 916 1107 960 omnes.
1132 894 1367 962 Removebitur

173 1011 276 1073 omnis
300 1005 471 1072 difficultas
493 1004 550 1070 ubi
574 1004 769 1088 rescripseris
794 1000 924 1067 θανάτου
948 1003 1031 1083 αὐτῷ
1057 1010 1325 1079 τιμνΘΕΝΤΟΟ.

217 1216 297 1304 Pag.
323 1214 420 1280 1466.
453 1217 529 1292 μιάς
559 1213 622 1291 γάρ
646 1213 697 1276 καὶ
725 1211 817 1275 εἴκοσι
842 1210 912 1276 τότε
936 1217 1043 1289 Φνλῶν
1067 1211 1159 1275 οὐσῶν
1183 1206 1234 1284 αἷς
1262 1213 1279 1287 ἡ
1304 1215 1367 1291 ψῆ-

173 1328 232 1405 Φος
266 1321 390 1396 άνεδὲάιρ
424 1321 482 1387 τάς
507 1318 703 1388 άπολνούσας
729 1319 835 1396 Φυλάι
861 1317 954 1397 ἑσχεν
980 1318 993 1382 ὃ
1019 1319 1156 1397 Μάρκιος
1180 1319 1280 1382 ἑννέιι·
1305 1316 1367 1386 dier

175 1430 199 1493 εἰ
226 1428 277 1493 δύο
301 1429 466 1506 προσῆλθον
491 1427 574 1504 αὐτῷ
599 1424 699 1505 Φνλαὶ
725 1423 775 1487 διά
799 1426 853 1496 τήν
876 1423 1123 1488 ἸΕΟΨΗΦΙΑΝ
1149 1424 1300 1489 άπελάετ·
1328 1423 1368 1490 άν

174 1532 272 1611 ὥσπερ
304 1535 317 1598 ὁ
347 1534 435 1609 νόμος
468 1530 560 1606 ἠξίου.
609 1530 782 1595 Manifesto
807 1533 980 1614 requiritur
1002 1532 1153 1594 obuolutas
1167 1532 1306 1616 fauced,
1333 1531 1369 1597 id

175 1645 223 1705 est
245 1639 416 1704 ἀπελέλυτ’
440 1636 487 1702 cir.
536 1636 745 1722 Saepissime,
770 1641 807 1700 ut
829 1642 943 1701 notum
968 1643 1032 1715 est,
1058 1640 1102 1702 sic
1127 1642 1162 1703 in
1185 1637 1276 1703 libris
1297 1659 1370 1704 om·

172 1747 267 1810 nibus
289 1751 445 1831 peccatur.

218 1851 315 1916 Vides
345 1872 409 1915 non
440 1871 506 1915 esse
533 1848 726 1934 Dionysium
751 1849 887 1927 άριὲμεῖν
911 1848 1021 1931 δεινόν,
1046 1851 1101 1934 qui
1126 1852 1206 1915 serio
1230 1850 1371 1916 credidit

175 1980 274 2043 quum
299 1957 378 2020 XXI
401 1958 504 2020 tribus
529 1958 562 2018 in
587 1955 774 2040 suffragium
799 1956 1004 2018 mitterentur
1027 1957 1173 2041 euffropc‘o
1187 1958 1280 2039 pario
1299 1978 1371 2023 esse

175 2065 324 2150 potuisse.
373 2063 411 2126 In
442 2061 504 2126 alio
535 2063 665 2125 fortasse
689 2068 781 2145 putes
803 2063 837 2124 in
859 2083 991 2127 numero
1015 2084 1081 2127 esse
1105 2069 1253 2127 erratum.
1304 2061 1372 2129 Sed

175 2169 349 2254 Dionysius
380 2190 439 2230 uon
469 2168 558 2230 remei
588 2169 632 2230 sic
658 2169 818 2250 peccavit,
844 2173 877 2231 et
899 2168 937 2231 de
960 2190 1092 2233 numero
1115 2171 1259 2233 tribuum
1282 2170 1373 2236 inter

175 2272 349 2340 Annalium
373 2273 547 2358 Scriptores
572 2273 745 2338 constabat.
770 2274 843 2338 vide
865 2273 996 2339 Livium
1021 2275 1059 2339 II.
1088 2274 1141 2340 25.

219 2380 327 2445 Satius
362 2385 409 2443 est
443 2381 545 2465 igitur
575 2378 730 2464 Dionysio
762 2400 857 2443 snum
890 2401 1026 2446 errorem
1059 2381 1235 2466 relinquere
1267 2403 1371 2467 quam

171 2486 337 2553 artificiose
364 2486 460 2549 verba
480 2484 718 2569 simplicissima
731 2507 805 2550 cum
818 2484 1002 2551 Oasaubcuo
1014 2490 1222 2573 interpretari.
1241 2489 1371 2575 Nempe

174 2596 200 2660 εἰ
224 2594 274 2657 δύο
299 2591 463 2668 προσῆλθον
489 2593 571 2669 αὐτῷ
597 2593 699 2668 φυλαί
722 2590 897 2678 significat:
918 2593 947 2655 ον’
965 2615 1081 2658 novem
1102 2595 1267 2671 tribubus,
1287 2616 1371 2679 quas

174 2699 269 2774 tulit,
291 2700 368 2761 duce
386 2697 587 2772 accessissent,
609 2703 646 2760 ut
666 2699 699 2761 in
720 2697 863 2762 Platonis
883 2700 1028 2782 Apolopc'o
1041 2701 1252 2788 Socrulccpag.
1268 2699 1324 2767 36.
1337 2725 1368 2767 ο.

177 2807 202 2870 εἰ
227 2805 391 2884 τριάκοντα
420 2803 510 2880 μόναι
535 2804 704 2880 μετέπεσον
730 2810 787 2867 τῶν
811 2808 922 2885 ψήφοιν
949 2808 1161 2884 άπεπεφεύρνρ
1186 2803 1232 2871 άν.

223 2909 382 2975 Similiter
412 2910 493 2974 dixit
525 2910 563 2974 de
594 2932 628 2974 re
660 2910 769 2974 eadem
799 2932 873 2998 pag.
909 2912 1007 2977 1554.
1041 2913 1096 2977 ubi
1131 2913 1295 2978 Minucius
1328 2914 1370 2980 ad

178 3015 398 3083 Coriolanum:
433 3016 497 3080 δνσὶ
534 3022 609 3092 γοῦν
633 3017 749 3094 ψάφοις
776 3017 873 3088 ἑάλως
898 3016 1018 3094 μόναις.
1065 3018 1128 3084 Sed
1151 3021 1234 3104 quod
1258 3021 1295 3084 de
1310 3044 1368 3104 po·

177 3123 260 3187 ribus
281 3123 438 3208 euffiopc'c'e
460 3123 582 3187 addidit
608 3121 621 3184 ἑ
647 3127 712 3192 νοῦς
738 3124 832 3187 αὐτοῦ
858 3127 959 3201 παρὼν
984 3125 1148 3202 άπεδήριει.

223 3228 354 3294 Duobus
383 3228 455 3293 aliis
486 3227 564 3292 locis
595 3227 633 3292 de
665 3227 775 3292 eadem
809 3249 842 3293 re
873 3229 988 3294 iisdem
1020 3233 1125 3296 verbis
1152 3234 1266 3299 utitur.
1290 3255 1367 3322 pag.

179 3333 278 3399 1516.
304 3334 368 3398 δνσὲ
392 3335 480 3413 μόνον
505 3333 602 3398 ἑάλων
627 3334 756 3416 ψήφοις.
783 3340 815 3399 el
837 3356 912 3423 pag.
941 3335 1038 3402 1554.
1063 3339 1128 3403 δνσὶ
1152 3343 1226 3418 γοῦν
1247 3341 1367 3422 ψήφοις

180 3441 278 3514 ἑάλως
302 3439 421 3519 μόναις.

225 3652 305 3739 Peg.
335 3648 432 3715 1469.
467 3651 491 3713 εἰ
516 3650 546 3714 δὲ
570 3649 692 3713 δεῖκαὶ
717 3651 809 3715 αὐτὸν
835 3651 916 3737 [dul]
941 3654 1162 3732 άποφάνασάαι
1187 3655 1254 3735 περὶ
1279 3672 1368 3732 τηλι-

181 3761 293 3824 κούτων
324 3755 519 3834 πραγμάτων
547 3757 680 3832 γνώμην.
729 3755 866 3823 Urbinas
891 3757 946 3832 ἐμὲ
970 3762 1103 3824 omitut,
1154 3760 1235 3841 Quia
1259 3762 1367 3829 abesse

180 3886 243 3931 non
274 3867 377 3948 potest
408 3862 631 3948 corrigendum
664 3864 688 3926 εἰ
714 3862 740 3926 δ’
764 3864 819 3938 ἐμὲ
844 3865 963 3927 δεῖκαὶ
990 3866 1097 3942 αὐτόν,
1123 3867 1200 3933 haec
1225 3871 1367 3935 enimin

181 3971 240 4037 tali
272 3990 305 4034 re
335 3969 452 4031 usitata
475 3971 661 4052 compositio
686 3981 742 4033 est.
791 3970 894 4048 Quam
919 3973 961 4034 sit
983 3993 1222 4057 nonnumquam
1248 3975 1368 4062 Diony·

181 4079 247 4142 sius
270 4079 373 4146 εὐάάνς
398 4076 518 4157 optime
541 4082 668 4158 apparet
694 4096 732 4139 ex
756 4077 887 4140 consilio
909 4078 992 4160 quod
1016 4079 1120 4142 dedit:
1147 4089 1278 4158 προσῆκε
1300 4105 1367 4146 σκο-

182 4193 250 4248 πεῖν
281 4177 360 4251 truc
390 4179 493 4259 άνδρες
517 4183 605 4244 καλά
631 4182 762 4258 κάραάοὶ
789 4189 841 4245 τοῦ
867 4182 962 4258 δήμου
987 4185 1167 4260 γενήσονται
1193 4188 1365 4267 πραςάπαι,

181 4289 270 4376 quasi
293 4293 374 4351 esset
397 4307 433 4352 ea
456 4309 505 4352 res
529 4289 666 4372 simplex
691 4295 722 4353 et
747 4290 902 4372 expedita.

222 4393 299 4458 Post
321 4413 421 4479 pauca
444 4414 482 4459 ex
505 4405 538 4458 Β.
563 4397 665 4478 recipe
689 4394 793 4466 αἰτίας
818 4394 1003 4476 cartulae
1024 4418 1082 4483 pro
1106 4397 1296 4480 άλλοτρίους.
