3076 5004
669 256 710 326 et

90 456 232 530 statuat,
262 450 367 516 veluti
394 471 469 538 pag.
502 448 578 514 211.
610 448 669 513 ubi
699 448 849 513 Numitor
879 448 919 514 ed
953 448 1112 513 Remum:
1144 448 1193 511 ἐπ’
1218 446 1284 530 ἐμοὶ

91 560 230 638 γέγονας
252 558 361 621 παθεῖν
384 555 401 620 δ’
422 580 451 621 τι
476 556 515 622 διν
538 556 697 619 δικαιώσω.
722 560 754 620 et
777 576 850 641 pag·
872 553 947 619 208.
971 555 1021 617 ἐπὶ
1043 562 1104 625 τοῖς
1126 557 1284 632 πολεμίοις

91 665 274 744 γενόμενος,
307 669 340 727 et
369 666 414 727 sie
445 666 574 747 passim.
622 664 762 746 Apparet
790 664 892 749 igitur
924 682 1009 726 error
1038 664 1072 725 in
1103 661 1153 724 hin
1187 659 1283 726 luein:

91 793 169 858 pag.
200 769 300 835 9088.
333 769 446 846 συνθβή
479 772 530 833 τὸν
562 769 652 831 αἰετὸν
687 768 757 831 ὑπὸ
789 777 852 838 τοῖς
884 767 1041 844 πολεμίοις
1073 765 1227 844 γενέσθαι.
1253 773 1284 831 et

91 897 169 963 pag.
202 875 301 940 1612.
349 875 387 938 ἂν
418 877 435 949 ή
470 872 559 944 πθλις
593 876 676 949 ήμῶν
706 873 776 936 ὑπὸ
808 881 871 945 τοῖς
901 874 1058 949 πολεμίοις
1087 870 1227 949 γε’νήται.
1253 876 1286 938 et

91 1003 169 1069 pag.
200 981 301 1047 2198.
335 980 429 1045 ποίντ’
460 980 592 1055 ἐάσομεν
625 979 697 1043 ὑπὸ
728 985 791 1047 τοῖς
825 980 982 1055 πολεμίοις
1013 978 1057 1043 τοδ
1084 979 1113 1041 ἐν
1136 988 1175 1060 τῇ
1196 978 1284 1062 χοίρρι

93 1087 250 1165 γενέσθαι.
283 1093 315 1152 et
344 1108 419 1173 pag.
455 1085 552 1149 1401.
585 1083 921 1163 παρακινδυνεύσαντες
954 1085 1008 1166 ὑφ’
1041 1085 1113 1161 ὑμῖν
1143 1082 1285 1162 γενέσθαι

93 1195 252 1265 δικαταῖς.
286 1199 319 1259 et
349 1214 424 1279 pag.
457 1190 556 1255 1033.
591 1190 697 1255 ποίντα
725 1200 851 1263 ποιήσαι
876 1190 919 1254 τὰ
943 1190 1124 1270 προίνματα
1150 1192 1204 1269 ὑφ’
1227 1192 1286 1270 ἔνθ,

94 1301 196 1363 omnia
240 1299 293 1384 (ad
335 1300 476 1384 tempus)
511 1300 600 1362 ααίια
631 1297 758 1360 hominis
793 1297 919 1361 arbitrio
946 1297 1136 1380 permittere,
1172 1297 1206 1362 id
1241 1303 1290 1363 est

95 1406 174 1484 Ἐφ’
200 1403 252 1468 ἑνί.

141 1511 229 1598 Ergo
253 1517 285 1576 et
308 1515 416 1575 nostro
439 1510 523 1587 leco,
551 1510 608 1573 ubi
631 1512 787 1573 sententia
810 1515 858 1575 est
884 1512 975 1574 θοαοο
992 1511 1134 1574 tumim
1152 1511 1186 1572 ιά
1204 1532 1287 1573 exam

88 1624 266 1700 potestatem
298 1617 456 1696 οεοθορίοοοθ
489 1616 541 1700 (ud
571 1614 765 1699 supplicium
797 1615 835 1679 de
868 1637 904 1681 eo
927 1617 1151 1701 sumendum),
1175 1636 1288 1682 verum

93 1728 147 1788 est
171 1719 225 1796 ἕως
249 1722 288 1787 θον
312 1724 387 1802 Ἐφ’
413 1723 511 1802 ἑαυτῷ
536 1722 701 1793 ποιήσηται
725 1723 776 1785 τδν
799 1720 903 1800 ἄνδρα.

145 1961 224 2048 Peg.
258 1959 335 2026 489.
370 1962 403 2026 οὗ
435 1959 632 2040 περιόψεσθαι
665 1963 735 2029 τοὺς
762 1958 939 2038 Ἀλβανοὺς
965 1961 1190 2039 ὑπελάμβανεν
1212 1962 1289 2027 ἄλλ’

96 2069 151 2133 ἐπὶ
183 2067 225 2132 τοὶ
257 2065 343 2131 θπλα
373 2074 491 2147 χωρεῖν.
540 2064 749 2151 Perspicuum
782 2071 829 2131 eet
852 2068 1001 2150 χωρήσειν
1023 2071 1236 2136 necessarium
1257 2076 1290 2138 et

95 2196 214 2242 verum
238 2194 316 2240 esse.

146 2418 227 2503 Peg.
261 2414 338 2480 495.
371 2412 518 2485 ἅπαντας
551 2413 744 2478 ἀπολωλέναι
768 2416 969 2488 κυκλωθέντες
995 2417 1054 2481 ὑτθ
1076 2443 1111 2482 τε
1135 2421 1290 2496 πολεμίων

98 2523 155 2587 καί
200 2523 311 2601 Φίλων.
368 2521 493 2586 Mirum
528 2508 576 2585 ee't
607 2519 742 2605 perfidos
776 2523 949 2606 proditores
983 2524 1091 2588 ααίοοο
1125 2526 1290 2609 appellari.

95 2630 232 2695 Dixerat
254 2629 306 2692 καὶ
330 2628 442 2705 φιλίων
466 2634 493 2690 et
516 2628 552 2688 ab
576 2627 706 2689 Ιοοοθίθαο
730 2634 757 2690 et
781 2652 800 2690 υ
819 2629 938 2691 nostrie.
975 2628 1091 2694 Multis
1110 2631 1182 2695 aliis
1202 2631 1285 2718 apud

96 2734 294 2822 Dionysium
317 2732 394 2797 loeis
417 2733 503 2796 idem
529 2752 614 2796 error
638 2734 824 2798 eximendus
848 2740 903 2798 est.

145 2959 225 3046 Peg.
260 2956 335 3021 501.
369 2956 393 3020 εί
429 2957 491 3034 γαρ
524 2956 561 3021 δον
592 2967 770 3035 παρακινεῖν
799 2983 828 3024 τι
861 2960 1039 3035 τολμήσητε
1070 2962 1185 3035 ποίντες
1213 2966 1290 3029 α’πο-

97 3067 203 3130 λεῖσθε
227 3065 285 3129 ὑπὸ
309 3065 437 3129 τούτων·
464 3061 565 3137 δείξας
590 3063 660 3136 τοὺς
685 3063 816 3151 ἔχοντας
840 3066 881 3127 τοὶ
907 3065 994 3145 ξίφη.
1034 3066 1112 3146 Quis
1134 3090 1289 3155 umquam

99 3169 295 3237 Graecorum
320 3173 365 3235 sie
388 3169 514 3235 locutus
537 3175 584 3233 est
608 3170 632 3233 εί
657 3170 719 3249 γαρ
744 3171 782 3235 διν
813 3170 1012 3247 τολμήσητεί
1057 3174 1200 3239 Emenda
1221 3177 1290 3241 ἐὰν

99 3279 165 3357 γὰρ
210 3284 388 3359 παρακινεῖν
431 3301 461 3340 τι
501 3277 689 3352 τολμήσητε.
748 3275 870 3341 Deinde
902 3281 1115 3343 necessarium
1149 3286 1198 3344 est
1232 3281 1290 3346 ὑπὸ

99 3393 238 3450 τουτωνΙ.

146 3611 226 3697 Peg.
259 3606 335 3673 592.
368 3614 430 3678 τοῖς
461 3606 486 3671 δ’
520 3606 646 3687 ἑταίροις
676 3608 769 3670 αὐτοῦ
803 3607 855 3671 καί
880 3607 1025 3672 συνειδόσι
1052 3612 1105 3682 τήν
1130 3612 1290 3688 προδοσίαν

100 3717 229 3803 [αὐτοῦ]
255 3714 415 3794 δικαςήρια
441 3714 454 3776 ὁ
479 3713 631 3790 βασιλεὺς
655 3713 783 3784 καθίσας
805 3713 875 3785 τοὺς
897 3714 1031 3785 οὶλθντας
1045 3754 1085 3762 -
1100 3716 1288 3785 ἀπέκτεινεν.

98 3822 155 3889 Sic
185 3821 295 3887 Iudaei
321 3826 352 3885 et
376 3819 551 3885 Christiani
575 3817 695 3885 Graece
718 3819 938 3903 loquebantur.
985 3819 1094 3905 Inepte
1116 3827 1290 3909 repetitum

97 3930 196 3993 αὐτοῦ
220 3927 401 3994 delendum.

147 4154 225 4243 Peg.
251 4152 326 4218 506.
360 4153 472 4233 οὶνοραί
495 4178 529 4216 τε
554 4151 657 4216 αὐτόθι
682 4150 937 4231 λαμπρότΑΤΑΙ
962 4161 1019 4217 τῶν
1044 4154 1073 4216 ε’ν
1096 4153 1204 4226 ἄλλοις
1227 4158 1289 4222 τισί

98 4260 205 4332 τόποις
236 4269 291 4334 τῆς
323 4259 463 4329 Ἰταλίας
498 4259 655 4335 αγομὲνων
681 4260 825 4336 ἐγίνοντο.
872 4260 1022 4346 Pugnant
1044 4262 1128 4324 inter
1152 4282 1184 4326 se
1206 4276 1291 4340 λαμ-

99 4367 256 4447 πρόταται
280 4372 313 4432 et
336 4369 366 4431 ἐν
388 4365 496 4438 ἄλλοις
520 4366 581 4430 τισί
605 4365 720 4438 τόποις.
768 4368 888 4432 Verum
912 4372 961 4432 est
982 4368 1237 4446 λαμπρθτθΡΑΙ.
