<?xml version="1.0" encoding="UTF-8"?>
<!DOCTYPE html PUBLIC "-//W3C//DTD XHTML 1.0 Transitional//EN"
    "http://www.w3.org/TR/xhtml1/DTD/xhtml1-transitional.dtd">
<html xmlns="http://www.w3.org/1999/xhtml" xml:lang="en" lang="en">
 <head>
  <title>
</title>
<meta http-equiv="Content-Type" content="text/html;charset=utf-8" />
  <meta name='ocr-system' content='tesseract 3.04.00' />
  <meta name='ocr-capabilities' content='ocr_page ocr_carea ocr_par ocr_line ocrx_word'/>
</head>
<body>
  <div class='ocr_page' id='page_1' title='image "./observationescr00cobegoog_0210.png"; bbox 0 0 3076 5004; ppageno 0'>
   <div class='ocr_carea' id='block_1_1' title="bbox 793 310 858 390">
    <p class='ocr_par' dir='ltr' id='par_1_1' title="bbox 793 310 858 390">
     <span class='ocr_line' id='line_1_1' title="bbox 793 310 858 390; baseline 0.046 -3"><span class='ocrx_word' id='word_1_1' title='bbox 793 310 858 390; x_wconf 82' lang='lat'><em>182</em></span> 
     </span>
    </p>
   </div>
   <div class='ocr_carea' id='block_1_2' title="bbox 229 507 1426 913">
    <p class='ocr_par' dir='ltr' id='par_1_2' title="bbox 229 507 1426 913">
     <span class='ocr_line' id='line_1_2' title="bbox 274 507 1425 603; baseline -0.004 -24"><span class='ocrx_word' id='word_1_2' title='bbox 274 514 355 603; x_wconf 88' lang='lat' dir='ltr'><strong>Pag.</strong></span> <span class='ocrx_word' id='word_1_3' title='bbox 390 509 490 579; x_wconf 82' lang='lat'><strong>1863.</strong></span> <span class='ocrx_word' id='word_1_4' title='bbox 521 511 676 590; x_wconf 83' lang='grc' dir='ltr'><em>συγγνοὺς</em></span> <span class='ocrx_word' id='word_1_5' title='bbox 708 511 747 577; x_wconf 89' lang='grc' dir='ltr'><em>ἀν</em></span> <span class='ocrx_word' id='word_1_6' title='bbox 775 513 789 576; x_wconf 79' lang='grc' dir='ltr'><em>ὃ</em></span> <span class='ocrx_word' id='word_1_7' title='bbox 814 510 907 589; x_wconf 71' lang='grc' dir='ltr'><em>δῆμος</em></span> <span class='ocrx_word' id='word_1_8' title='bbox 933 510 999 599; x_wconf 77' lang='grc' dir='ltr'><em>[ἀς]</em></span> <span class='ocrx_word' id='word_1_9' title='bbox 1029 510 1100 577; x_wconf 82' lang='grc' dir='ltr'><em>οὔτε</em></span> <span class='ocrx_word' id='word_1_10' title='bbox 1125 509 1231 577; x_wconf 70' lang='grc' dir='ltr'><em>δίκαια</em></span> <span class='ocrx_word' id='word_1_11' title='bbox 1256 509 1327 577; x_wconf 78' lang='grc' dir='ltr'><em>οὔτε</em></span> <span class='ocrx_word' id='word_1_12' title='bbox 1351 507 1425 576; x_wconf 79' lang='grc' dir='ltr'><em>ἀοια</em></span> 
     </span>
     <span class='ocr_line' id='line_1_3' title="bbox 229 616 1426 704; baseline -0.003 -19"><span class='ocrx_word' id='word_1_13' title='bbox 229 619 321 697; x_wconf 77' lang='grc' dir='ltr'><em>ἀξιῶν</em></span> <span class='ocrx_word' id='word_1_14' title='bbox 351 617 442 685; x_wconf 68' lang='lat' dir='ltr'><em>isoes</em></span> <span class='ocrx_word' id='word_1_15' title='bbox 474 619 524 684; x_wconf 77' lang='grc' dir='ltr'><em>τὸν</em></span> <span class='ocrx_word' id='word_1_16' title='bbox 557 616 656 696; x_wconf 76' lang='grc' dir='ltr'><em>νόμον.</em></span> <span class='ocrx_word' id='word_1_17' title='bbox 704 617 862 683; x_wconf 77' lang='lat' dir='ltr'><strong>Additum</strong></span> <span class='ocrx_word' id='word_1_18' title='bbox 892 620 930 690; x_wconf 77' lang='grc' dir='ltr'><em>ὥς</em></span> <span class='ocrx_word' id='word_1_19' title='bbox 964 620 1226 704; x_wconf 75' lang='lat' dir='ltr'><strong>compositionem</strong></span> <span class='ocrx_word' id='word_1_20' title='bbox 1249 617 1426 683; x_wconf 84' lang='lat' dir='ltr'><strong>verborum</strong></span> 
     </span>
     <span class='ocr_line' id='line_1_4' title="bbox 229 721 1424 810; baseline -0.006 -16"><span class='ocrx_word' id='word_1_21' title='bbox 229 729 335 795; x_wconf 81' lang='lat' dir='ltr'><em>vitiat.</em></span> <span class='ocrx_word' id='word_1_22' title='bbox 382 725 542 793; x_wconf 82' lang='lat' dir='ltr'><em>Graecum</em></span> <span class='ocrx_word' id='word_1_23' title='bbox 574 725 658 790; x_wconf 77' lang='lat' dir='ltr'><strong>esti</strong></span> <span class='ocrx_word' id='word_1_24' title='bbox 683 725 777 804; x_wconf 74' lang='grc' dir='ltr'><em>δῆμος</em></span> <span class='ocrx_word' id='word_1_25' title='bbox 801 721 933 803; x_wconf 80' lang='grc' dir='ltr'><em>συνέγνω</em></span> <span class='ocrx_word' id='word_1_26' title='bbox 957 733 1118 806; x_wconf 75' lang='grc' dir='ltr'>(συνῆκεν,</span> <span class='ocrx_word' id='word_1_27' title='bbox 1145 722 1276 810; x_wconf 77' lang='grc' dir='ltr'><em>έμαέεν,</em></span> <span class='ocrx_word' id='word_1_28' title='bbox 1301 721 1424 810; x_wconf 68' lang='grc' dir='ltr'><em>ᾔσθετο)</em></span> 
     </span>
     <span class='ocr_line' id='line_1_5' title="bbox 230 828 617 913; baseline -0.01 -15"><span class='ocrx_word' id='word_1_29' title='bbox 230 832 342 913; x_wconf 76' lang='grc' dir='ltr'><em>ἀξιῶν,</em></span> <span class='ocrx_word' id='word_1_30' title='bbox 366 854 428 900; x_wconf 88' lang='lat' dir='ltr'><em>non</em></span> <span class='ocrx_word' id='word_1_31' title='bbox 452 835 490 903; x_wconf 73' lang='lat' dir='ltr'><em>oie</em></span> <span class='ocrx_word' id='word_1_32' title='bbox 515 828 617 908; x_wconf 77' lang='grc' dir='ltr'><em>ἀξιῶν.</em></span> 
     </span>
    </p>
   </div>
   <div class='ocr_carea' id='block_1_3' title="bbox 229 1067 1428 1374">
    <p class='ocr_par' dir='ltr' id='par_1_3' title="bbox 229 1067 1428 1374">
     <span class='ocr_line' id='line_1_6' title="bbox 275 1067 1428 1162; baseline -0.001 -24"><span class='ocrx_word' id='word_1_33' title='bbox 275 1074 355 1162; x_wconf 86' lang='lat' dir='ltr'><strong>Pag.</strong></span> <span class='ocrx_word' id='word_1_34' title='bbox 389 1072 486 1138; x_wconf 88' lang='grc'><strong>1864.</strong></span> <span class='ocrx_word' id='word_1_35' title='bbox 518 1071 562 1136; x_wconf 77' lang='grc' dir='ltr'><em>νά</em></span> <span class='ocrx_word' id='word_1_36' title='bbox 592 1067 677 1137; x_wconf 73' lang='grc' dir='ltr'><em>ὅπλα</em></span> <span class='ocrx_word' id='word_1_37' title='bbox 710 1081 806 1137; x_wconf 75' lang='grc' dir='ltr'><strong>ΠΕΡΙ</strong></span> <span class='ocrx_word' id='word_1_38' title='bbox 839 1077 894 1144; x_wconf 69' lang='grc' dir='ltr'><em>τῆς</em></span> <span class='ocrx_word' id='word_1_39' title='bbox 918 1071 1103 1151; x_wconf 70' lang='grc' dir='ltr'><em>γειναμένης</em></span> <span class='ocrx_word' id='word_1_40' title='bbox 1128 1072 1240 1146; x_wconf 80' lang='grc' dir='ltr'><em>αὐτοὺς</em></span> <span class='ocrx_word' id='word_1_41' title='bbox 1262 1077 1322 1151; x_wconf 73' lang='grc' dir='ltr'><em>γῆς</em></span> <span class='ocrx_word' id='word_1_42' title='bbox 1347 1072 1428 1138; x_wconf 88' lang='grc' dir='ltr'><em>ἀνα.</em></span> 
     </span>
     <span class='ocr_line' id='line_1_7' title="bbox 231 1177 1428 1263; baseline 0 -19"><span class='ocrx_word' id='word_1_43' title='bbox 231 1180 466 1258; x_wconf 80' lang='grc' dir='ltr'><em>λαμβάνοννες,</em></span> <span class='ocrx_word' id='word_1_44' title='bbox 489 1201 549 1263; x_wconf 79' lang='lat' dir='ltr'><em>pro</em></span> <span class='ocrx_word' id='word_1_45' title='bbox 571 1177 692 1262; x_wconf 77' lang='lat' dir='ltr'><em>patrio,</em></span> <span class='ocrx_word' id='word_1_46' title='bbox 723 1182 761 1243; x_wconf 84' lang='lat' dir='ltr'><em>ut</em></span> <span class='ocrx_word' id='word_1_47' title='bbox 792 1179 917 1263; x_wconf 88' lang='lat' dir='ltr'><em>opin0r;</em></span> <span class='ocrx_word' id='word_1_48' title='bbox 950 1181 1068 1243; x_wconf 80' lang='lat' dir='ltr'><em>‘TsseP</em></span> <span class='ocrx_word' id='word_1_49' title='bbox 1100 1199 1163 1244; x_wconf 92' lang='lat' dir='ltr'><em>non</em></span> <span class='ocrx_word' id='word_1_50' title='bbox 1185 1187 1281 1243; x_wconf 78' lang='grc' dir='ltr'><strong>ΠΕΡΙ</strong></span> <span class='ocrx_word' id='word_1_51' title='bbox 1306 1179 1428 1244; x_wconf 90' lang='lat' dir='ltr'><strong>simili·</strong></span> 
     </span>
     <span class='ocr_line' id='line_1_8' title="bbox 229 1282 1427 1374; baseline 0 -24"><span class='ocrx_word' id='word_1_52' title='bbox 229 1291 339 1374; x_wconf 86' lang='lat' dir='ltr'><strong>terque</strong></span> <span class='ocrx_word' id='word_1_53' title='bbox 358 1308 432 1374; x_wconf 85' lang='lat' dir='ltr'><strong>pag.</strong></span> <span class='ocrx_word' id='word_1_54' title='bbox 452 1282 551 1349; x_wconf 88' lang='grc'><strong>1868.</strong></span> <span class='ocrx_word' id='word_1_55' title='bbox 564 1283 800 1350; x_wconf 75' lang='lat' dir='ltr'><strong>rescribendum</strong></span> <span class='ocrx_word' id='word_1_56' title='bbox 812 1284 1004 1363; x_wconf 80' lang='grc' dir='ltr'><em>ἀγωνιοῦμαι</em></span> <span class='ocrx_word' id='word_1_57' title='bbox 1017 1283 1110 1367; x_wconf 64' lang='lat' dir='ltr'><em>‘Tisip</em></span> <span class='ocrx_word' id='word_1_58' title='bbox 1123 1292 1179 1360; x_wconf 76' lang='grc' dir='ltr'><em>τῆς</em></span> <span class='ocrx_word' id='word_1_59' title='bbox 1193 1285 1427 1366; x_wconf 80' lang='grc' dir='ltr'><em>ἀριςοκρατέας.</em></span> 
     </span>
    </p>
   </div>
   <div class='ocr_carea' id='block_1_4' title="bbox 230 1504 1427 2326">
    <p class='ocr_par' dir='ltr' id='par_1_4' title="bbox 230 1504 1427 2122">
     <span class='ocr_line' id='line_1_9' title="bbox 277 1504 1424 1599; baseline -0.001 -22"><span class='ocrx_word' id='word_1_60' title='bbox 277 1511 358 1599; x_wconf 87' lang='lat' dir='ltr'><strong>Pag.</strong></span> <span class='ocrx_word' id='word_1_61' title='bbox 383 1507 482 1575; x_wconf 84' lang='lat'><strong>1864.</strong></span> <span class='ocrx_word' id='word_1_62' title='bbox 508 1507 598 1574; x_wconf 76' lang='grc' dir='ltr'><em>πόλιν</em></span> <span class='ocrx_word' id='word_1_63' title='bbox 621 1506 728 1588; x_wconf 72' lang='grc' dir='ltr'><em>ἔρημον</em></span> <span class='ocrx_word' id='word_1_64' title='bbox 753 1504 830 1575; x_wconf 83' lang='grc' dir='ltr'><em>εἶναι</em></span> <span class='ocrx_word' id='word_1_65' title='bbox 856 1510 891 1575; x_wconf 83' lang='grc' dir='ltr'><em>τὸ</em></span> <span class='ocrx_word' id='word_1_66' title='bbox 916 1511 984 1574; x_wconf 79' lang='grc' dir='ltr'><em>καθ’</em></span> <span class='ocrx_word' id='word_1_67' title='bbox 1006 1509 1132 1584; x_wconf 80' lang='grc' dir='ltr'><em>ἑαυτοὺς</em></span> <span class='ocrx_word' id='word_1_68' title='bbox 1157 1509 1245 1592; x_wconf 86' lang='grc' dir='ltr'><em>μέρος</em></span> <span class='ocrx_word' id='word_1_69' title='bbox 1275 1509 1424 1594; x_wconf 82' lang='grc' dir='ltr'><em>ἀφέντες.</em></span> 
     </span>
     <span class='ocr_line' id='line_1_10' title="bbox 230 1611 1426 1703; baseline 0 -22"><span class='ocrx_word' id='word_1_70' title='bbox 230 1615 331 1682; x_wconf 85' lang='lat' dir='ltr'><strong>Plane</strong></span> <span class='ocrx_word' id='word_1_71' title='bbox 361 1617 450 1681; x_wconf 88' lang='lat' dir='ltr'><strong>idem</strong></span> <span class='ocrx_word' id='word_1_72' title='bbox 480 1615 633 1681; x_wconf 90' lang='lat' dir='ltr'><strong>mendum</strong></span> <span class='ocrx_word' id='word_1_73' title='bbox 667 1635 762 1700; x_wconf 85' lang='lat' dir='ltr'><em>supra</em></span> <span class='ocrx_word' id='word_1_74' title='bbox 793 1615 833 1680; x_wconf 86' lang='lat' dir='ltr'><em>ad</em></span> <span class='ocrx_word' id='word_1_75' title='bbox 864 1636 938 1703; x_wconf 86' lang='lat' dir='ltr'><strong>pag.</strong></span> <span class='ocrx_word' id='word_1_76' title='bbox 972 1614 1060 1682; x_wconf 92' lang='grc'><strong>1202</strong></span> <span class='ocrx_word' id='word_1_77' title='bbox 1085 1617 1285 1682; x_wconf 76' lang='lat' dir='ltr'><strong>sustulimus.</strong></span> <span class='ocrx_word' id='word_1_78' title='bbox 1332 1611 1426 1682; x_wconf 82' lang='grc' dir='ltr'><em>Εἶναι</em></span> 
     </span>
     <span class='ocr_line' id='line_1_11' title="bbox 230 1720 1426 1806; baseline 0.001 -19"><span class='ocrx_word' id='word_1_79' title='bbox 230 1723 483 1788; x_wconf 86' lang='lat' dir='ltr'><strong>transferendum</strong></span> <span class='ocrx_word' id='word_1_80' title='bbox 515 1727 562 1787; x_wconf 88' lang='lat' dir='ltr'><em>est</em></span> <span class='ocrx_word' id='word_1_81' title='bbox 594 1726 665 1806; x_wconf 90' lang='lat' dir='ltr'><em>post</em></span> <span class='ocrx_word' id='word_1_82' title='bbox 694 1721 762 1785; x_wconf 76' lang='grc' dir='ltr'><em>καθ’</em></span> <span class='ocrx_word' id='word_1_83' title='bbox 795 1721 942 1806; x_wconf 74' lang='grc' dir='ltr'><em>ἑαυτούς,</em></span> <span class='ocrx_word' id='word_1_84' title='bbox 978 1725 1130 1806; x_wconf 84' lang='lat' dir='ltr'><em>quoniam</em></span> <span class='ocrx_word' id='word_1_85' title='bbox 1161 1720 1267 1802; x_wconf 82' lang='grc' dir='ltr'><em>έρνμον</em></span> <span class='ocrx_word' id='word_1_86' title='bbox 1296 1722 1426 1801; x_wconf 90' lang='grc' dir='ltr'><em>ἀφιέναι</em></span> 
     </span>
     <span class='ocr_line' id='line_1_12' title="bbox 232 1822 1427 1915; baseline 0.003 -23"><span class='ocrx_word' id='word_1_87' title='bbox 232 1825 391 1894; x_wconf 82' lang='lat' dir='ltr'><strong>Graecum</strong></span> <span class='ocrx_word' id='word_1_88' title='bbox 424 1833 491 1906; x_wconf 87' lang='lat' dir='ltr'><strong>est,</strong></span> <span class='ocrx_word' id='word_1_89' title='bbox 523 1847 586 1892; x_wconf 91' lang='lat' dir='ltr'><em>non</em></span> <span class='ocrx_word' id='word_1_90' title='bbox 618 1824 725 1906; x_wconf 68' lang='grc' dir='ltr'><em>ἔρημον</em></span> <span class='ocrx_word' id='word_1_91' title='bbox 757 1822 834 1891; x_wconf 82' lang='grc' dir='ltr'><em>εἶναι</em></span> <span class='ocrx_word' id='word_1_92' title='bbox 866 1826 1004 1909; x_wconf 83' lang='grc' dir='ltr'><em>ἀφιέναι.</em></span> <span class='ocrx_word' id='word_1_93' title='bbox 1051 1827 1182 1893; x_wconf 85' lang='lat' dir='ltr'><strong>Praeter</strong></span> <span class='ocrx_word' id='word_1_94' title='bbox 1212 1828 1297 1894; x_wconf 84' lang='lat' dir='ltr'><strong>locos</strong></span> <span class='ocrx_word' id='word_1_95' title='bbox 1328 1849 1427 1915; x_wconf 85' lang='lat' dir='ltr'><em>supra</em></span> 
     </span>
     <span class='ocr_line' id='line_1_13' title="bbox 231 1930 1425 2024; baseline 0 -24"><span class='ocrx_word' id='word_1_96' title='bbox 231 1934 377 2000; x_wconf 85' lang='lat' dir='ltr'><em>laudatos</em></span> <span class='ocrx_word' id='word_1_97' title='bbox 407 1935 482 2001; x_wconf 86' lang='lat' dir='ltr'><strong>vide</strong></span> <span class='ocrx_word' id='word_1_98' title='bbox 512 1955 587 2021; x_wconf 83' lang='lat' dir='ltr'><strong>pag.</strong></span> <span class='ocrx_word' id='word_1_99' title='bbox 622 1931 719 1998; x_wconf 89' lang='grc'><strong>1891.</strong></span> <span class='ocrx_word' id='word_1_100' title='bbox 751 1936 786 2000; x_wconf 77' lang='grc' dir='ltr'><em>τὸ</em></span> <span class='ocrx_word' id='word_1_101' title='bbox 810 1934 895 1999; x_wconf 83' lang='grc' dir='ltr'><em>κατά</em></span> <span class='ocrx_word' id='word_1_102' title='bbox 920 1933 1043 2007; x_wconf 82' lang='grc' dir='ltr'><strong><em>τούτους</em></strong></span> <span class='ocrx_word' id='word_1_103' title='bbox 1067 1930 1142 2001; x_wconf 84' lang='grc' dir='ltr'><em>εἶναι</em></span> <span class='ocrx_word' id='word_1_104' title='bbox 1167 1935 1267 2016; x_wconf 87' lang='grc' dir='ltr'><em>μέρος.</em></span> <span class='ocrx_word' id='word_1_105' title='bbox 1292 1939 1324 2001; x_wconf 89' lang='lat' dir='ltr'><em>et</em></span> <span class='ocrx_word' id='word_1_106' title='bbox 1346 1956 1425 2024; x_wconf 84' lang='lat' dir='ltr'><strong>pag.</strong></span> 
     </span>
     <span class='ocr_line' id='line_1_14' title="bbox 234 2035 872 2122; baseline 0 -16"><span class='ocrx_word' id='word_1_107' title='bbox 234 2038 333 2106; x_wconf 92' lang='grc'><strong>2062.</strong></span> <span class='ocrx_word' id='word_1_108' title='bbox 358 2042 392 2105; x_wconf 79' lang='grc' dir='ltr'><em>τὸ</em></span> <span class='ocrx_word' id='word_1_109' title='bbox 417 2041 473 2118; x_wconf 78' lang='grc' dir='ltr'><em>μὲν</em></span> <span class='ocrx_word' id='word_1_110' title='bbox 497 2041 549 2122; x_wconf 83' lang='grc' dir='ltr'><em>ἐφ’</em></span> <span class='ocrx_word' id='word_1_111' title='bbox 576 2041 646 2119; x_wconf 77' lang='grc' dir='ltr'><em>ὑμῖν</em></span> <span class='ocrx_word' id='word_1_112' title='bbox 672 2035 746 2105; x_wconf 79' lang='grc' dir='ltr'><em>εἶναι</em></span> <span class='ocrx_word' id='word_1_113' title='bbox 773 2039 872 2122; x_wconf 83' lang='grc' dir='ltr'><em>μέρος.</em></span> 
     </span>
    </p>

    <p class='ocr_par' dir='ltr' id='par_1_5' title="bbox 234 2145 1426 2326">
     <span class='ocr_line' id='line_1_15' title="bbox 278 2145 1426 2235; baseline 0.003 -25"><span class='ocrx_word' id='word_1_114' title='bbox 278 2146 445 2214; x_wconf 87' lang='lat' dir='ltr'><strong>Praeterea</strong></span> <span class='ocrx_word' id='word_1_115' title='bbox 475 2146 576 2212; x_wconf 82' lang='lat' dir='ltr'><strong>scribe</strong></span> <span class='ocrx_word' id='word_1_116' title='bbox 609 2145 766 2225; x_wconf 72' lang='grc' dir='ltr'><em>ἡγεμόνας</em></span> <span class='ocrx_word' id='word_1_117' title='bbox 798 2147 825 2212; x_wconf 77' lang='grc' dir='ltr'><em>δ’</em></span> <span class='ocrx_word' id='word_1_118' title='bbox 855 2148 1146 2224; x_wconf 74' lang='grc' dir='ltr'><em>’θΓααναιννάντες</em></span> <span class='ocrx_word' id='word_1_119' title='bbox 1179 2170 1235 2235; x_wconf 84' lang='lat' dir='ltr'><em>pro</em></span> <span class='ocrx_word' id='word_1_120' title='bbox 1267 2148 1298 2214; x_wconf 75' lang='grc' dir='ltr'><em>δὲ</em></span> <span class='ocrx_word' id='word_1_121' title='bbox 1321 2172 1426 2215; x_wconf 81' lang='grc' dir='ltr'><em>κατα-</em></span> 
     </span>
     <span class='ocr_line' id='line_1_16' title="bbox 234 2250 385 2326; baseline 0.007 -9"><span class='ocrx_word' id='word_1_122' title='bbox 234 2250 385 2326; x_wconf 72' lang='grc' dir='ltr'><em>λιπόντες.</em></span> 
     </span>
    </p>
   </div>
   <div class='ocr_carea' id='block_1_5' title="bbox 232 2474 1426 2773">
    <p class='ocr_par' dir='ltr' id='par_1_6' title="bbox 232 2474 1426 2773">
     <span class='ocr_line' id='line_1_17' title="bbox 277 2474 1425 2565; baseline 0.005 -24"><span class='ocrx_word' id='word_1_123' title='bbox 277 2477 355 2565; x_wconf 87' lang='lat' dir='ltr'><strong>Pag.</strong></span> <span class='ocrx_word' id='word_1_124' title='bbox 389 2474 487 2546; x_wconf 89' lang='grc'><strong>1867.</strong></span> <span class='ocrx_word' id='word_1_125' title='bbox 520 2476 663 2555; x_wconf 71' lang='grc' dir='ltr'><em>εἰ-ιῖδε</em></span> <span class='ocrx_word' id='word_1_126' title='bbox 694 2480 711 2555; x_wconf 78' lang='grc' dir='ltr'><em>ἀ</em></span> <span class='ocrx_word' id='word_1_127' title='bbox 743 2480 827 2562; x_wconf 66' lang='grc' dir='ltr'><em>ἀρχὴ</em></span> <span class='ocrx_word' id='word_1_128' title='bbox 861 2481 929 2560; x_wconf 74' lang='grc' dir='ltr'><em>μεθ’</em></span> <span class='ocrx_word' id='word_1_129' title='bbox 961 2482 1098 2560; x_wconf 75' lang='grc' dir='ltr'><em>ὁμονοίας</em></span> <span class='ocrx_word' id='word_1_130' title='bbox 1130 2482 1268 2556; x_wconf 75' lang='grc' dir='ltr'><em>εἰσῆλθεν</em></span> <span class='ocrx_word' id='word_1_131' title='bbox 1298 2484 1342 2554; x_wconf 78' lang='grc' dir='ltr'><em>εἷς</em></span> <span class='ocrx_word' id='word_1_132' title='bbox 1367 2483 1425 2558; x_wconf 66' lang='grc' dir='ltr'><em>τὴν</em></span> 
     </span>
     <span class='ocr_line' id='line_1_18' title="bbox 233 2582 1426 2668; baseline 0.005 -19"><span class='ocrx_word' id='word_1_133' title='bbox 233 2582 511 2649; x_wconf 75' lang='grc' dir='ltr'><em>πόλιν-πολλῶν</em></span> <span class='ocrx_word' id='word_1_134' title='bbox 537 2583 574 2649; x_wconf 88' lang='grc' dir='ltr'><em>ἀν</em></span> <span class='ocrx_word' id='word_1_135' title='bbox 599 2586 672 2662; x_wconf 78' lang='grc' dir='ltr'><em>ἡμῖν</em></span> <span class='ocrx_word' id='word_1_136' title='bbox 696 2587 817 2665; x_wconf 78' lang='grc' dir='ltr'><em>ἔγΙνετο</em></span> <span class='ocrx_word' id='word_1_137' title='bbox 842 2586 893 2651; x_wconf 73' lang='grc' dir='ltr'><em>καὶ</em></span> <span class='ocrx_word' id='word_1_138' title='bbox 918 2586 1068 2668; x_wconf 82' lang='grc' dir='ltr'><em>μεγάλον</em></span> <span class='ocrx_word' id='word_1_139' title='bbox 1093 2589 1218 2667; x_wconf 74' lang='grc' dir='ltr'><em>ἀγαθῶν</em></span> <span class='ocrx_word' id='word_1_140' title='bbox 1237 2588 1337 2656; x_wconf 73' lang='lat' dir='ltr'><em>aista.</em></span> <span class='ocrx_word' id='word_1_141' title='bbox 1374 2588 1426 2656; x_wconf 87' lang='lat' dir='ltr'><em>Ne</em></span> 
     </span>
     <span class='ocr_line' id='line_1_19' title="bbox 232 2689 934 2773; baseline 0.009 -19"><span class='ocrx_word' id='word_1_142' title='bbox 232 2691 275 2754; x_wconf 85' lang='lat' dir='ltr'><em>sit</em></span> <span class='ocrx_word' id='word_1_143' title='bbox 295 2689 417 2756; x_wconf 89' lang='lat' dir='ltr'><em>soloeoa</em></span> <span class='ocrx_word' id='word_1_144' title='bbox 440 2693 541 2756; x_wconf 88' lang='lat' dir='ltr'><em>oratio</em></span> <span class='ocrx_word' id='word_1_145' title='bbox 565 2692 768 2758; x_wconf 74' lang='lat' dir='ltr'><strong>scribendum</strong></span> <span class='ocrx_word' id='word_1_146' title='bbox 792 2694 934 2773; x_wconf 72' lang='grc' dir='ltr'><em>ἐγενετο.</em></span> 
     </span>
    </p>
   </div>
   <div class='ocr_carea' id='block_1_6' title="bbox 236 2885 1424 3107">
    <p class='ocr_par' dir='ltr' id='par_1_7' title="bbox 236 2885 1424 3107">
     <span class='ocr_line' id='line_1_20' title="bbox 279 2885 1424 3008; baseline 0.005 -27"><span class='ocrx_word' id='word_1_147' title='bbox 279 2916 358 3004; x_wconf 85' lang='lat' dir='ltr'><strong>Pag.</strong></span> <span class='ocrx_word' id='word_1_148' title='bbox 386 2914 481 2981; x_wconf 91' lang='grc'><strong>1868.</strong></span> <span class='ocrx_word' id='word_1_149' title='bbox 508 2915 595 2981; x_wconf 77' lang='grc' dir='ltr'><em>ἐκδὲ</em></span> <span class='ocrx_word' id='word_1_150' title='bbox 618 2923 676 2982; x_wconf 77' lang='grc' dir='ltr'><em>τῶν</em></span> <span class='ocrx_word' id='word_1_151' title='bbox 700 2885 868 2999; x_wconf 74' lang='grc' dir='ltr'><em>δνμάργοιν</em></span> <span class='ocrx_word' id='word_1_152' title='bbox 882 2919 1095 2990; x_wconf 77' lang='grc' dir='ltr'><em>-ἀνίςαται,</em></span> <span class='ocrx_word' id='word_1_153' title='bbox 1131 2922 1204 2988; x_wconf 91' lang='lat' dir='ltr'><em>Non</em></span> <span class='ocrx_word' id='word_1_154' title='bbox 1228 2921 1424 3008; x_wconf 79' lang='lat' dir='ltr'><strong>infrequenti</strong></span> 
     </span>
     <span class='ocr_line' id='line_1_21' title="bbox 236 3016 922 3107; baseline -0.001 -18"><span class='ocrx_word' id='word_1_155' title='bbox 236 3044 339 3089; x_wconf 84' lang='lat' dir='ltr'><strong>errore</strong></span> <span class='ocrx_word' id='word_1_156' title='bbox 362 3031 427 3088; x_wconf 81' lang='lat' dir='ltr'><em>ele</em></span> <span class='ocrx_word' id='word_1_157' title='bbox 451 3016 521 3107; x_wconf 78' lang='grc' dir='ltr'><em>(εἷς)</em></span> <span class='ocrx_word' id='word_1_158' title='bbox 543 3025 578 3087; x_wconf 92' lang='lat' dir='ltr'><em>in</em></span> <span class='ocrx_word' id='word_1_159' title='bbox 605 3031 655 3088; x_wconf 76' lang='grc' dir='ltr'><em>ΕΚ</em></span> <span class='ocrx_word' id='word_1_160' title='bbox 679 3028 843 3089; x_wconf 84' lang='lat' dir='ltr'><strong>mutatum</strong></span> <span class='ocrx_word' id='word_1_161' title='bbox 866 3028 922 3091; x_wconf 88' lang='lat' dir='ltr'><em>est.</em></span> 
     </span>
    </p>
   </div>
   <div class='ocr_carea' id='block_1_7' title="bbox 237 3247 1428 3762">
    <p class='ocr_par' dir='ltr' id='par_1_8' title="bbox 237 3247 1428 3762">
     <span class='ocr_line' id='line_1_22' title="bbox 281 3247 1426 3337; baseline 0.01 -23"><span class='ocrx_word' id='word_1_162' title='bbox 281 3249 363 3337; x_wconf 88' lang='lat' dir='ltr'><strong>Pag.</strong></span> <span class='ocrx_word' id='word_1_163' title='bbox 390 3248 487 3317; x_wconf 88' lang='grc'><strong>1873.</strong></span> <span class='ocrx_word' id='word_1_164' title='bbox 510 3249 561 3326; x_wconf 65' lang='grc' dir='ltr'><em>ἥδε</em></span> <span class='ocrx_word' id='word_1_165' title='bbox 585 3250 601 3324; x_wconf 78' lang='grc' dir='ltr'><em>ἀ</em></span> <span class='ocrx_word' id='word_1_166' title='bbox 626 3249 725 3330; x_wconf 72' lang='grc' dir='ltr'><em>ἀρχὶρ,</em></span> <span class='ocrx_word' id='word_1_167' title='bbox 752 3247 786 3325; x_wconf 73' lang='grc' dir='ltr'><em>ἀν</em></span> <span class='ocrx_word' id='word_1_168' title='bbox 809 3275 845 3314; x_wconf 87' lang='grc' dir='ltr'><em>οε</em></span> <span class='ocrx_word' id='word_1_169' title='bbox 864 3251 877 3314; x_wconf 80' lang='lat' dir='ltr'><strong>i</strong></span> <span class='ocrx_word' id='word_1_170' title='bbox 899 3249 985 3330; x_wconf 75' lang='grc' dir='ltr'><em>νόμος</em></span> <span class='ocrx_word' id='word_1_171' title='bbox 1009 3250 1238 3333; x_wconf 58' lang='lat' dir='ltr'><em>&#39;saepimenta</em></span> <span class='ocrx_word' id='word_1_172' title='bbox 1259 3256 1312 3322; x_wconf 76' lang='grc' dir='ltr'><em>καὶ</em></span> <span class='ocrx_word' id='word_1_173' title='bbox 1333 3256 1426 3325; x_wconf 72' lang='grc' dir='ltr'><em>εἴκειν</em></span> 
     </span>
     <span class='ocr_line' id='line_1_23' title="bbox 237 3354 1428 3446; baseline 0.008 -26"><span class='ocrx_word' id='word_1_174' title='bbox 237 3354 423 3437; x_wconf 84' lang='grc' dir='ltr'><em>ἀναγκάζει.</em></span> <span class='ocrx_word' id='word_1_175' title='bbox 468 3355 541 3421; x_wconf 92' lang='lat' dir='ltr'><em>Non</em></span> <span class='ocrx_word' id='word_1_176' title='bbox 572 3356 609 3418; x_wconf 85' lang='lat' dir='ltr'><em>de</em></span> <span class='ocrx_word' id='word_1_177' title='bbox 630 3355 681 3419; x_wconf 82' lang='lat' dir='ltr'><em>oio</em></span> <span class='ocrx_word' id='word_1_178' title='bbox 704 3357 841 3421; x_wconf 76' lang='lat' dir='ltr'><em>desedere</em></span> <span class='ocrx_word' id='word_1_179' title='bbox 864 3362 897 3422; x_wconf 87' lang='lat' dir='ltr'><em>et</em></span> <span class='ocrx_word' id='word_1_180' title='bbox 918 3359 1015 3424; x_wconf 79' lang='lat' dir='ltr'><em>nitore</em></span> <span class='ocrx_word' id='word_1_181' title='bbox 1037 3361 1178 3446; x_wconf 84' lang='lat' dir='ltr'><em>postulat</em></span> <span class='ocrx_word' id='word_1_182' title='bbox 1201 3365 1333 3428; x_wconf 83' lang='lat' dir='ltr'><em>oratoris</em></span> <span class='ocrx_word' id='word_1_183' title='bbox 1357 3385 1428 3430; x_wconf 89' lang='lat' dir='ltr'><strong>seu-</strong></span> 
     </span>
     <span class='ocr_line' id='line_1_24' title="bbox 238 3460 1428 3552; baseline 0.007 -24"><span class='ocrx_word' id='word_1_184' title='bbox 238 3465 355 3546; x_wconf 80' lang='lat' dir='ltr'><strong>tentia‚</strong></span> <span class='ocrx_word' id='word_1_185' title='bbox 378 3461 433 3526; x_wconf 88' lang='lat' dir='ltr'><em>sed</em></span> <span class='ocrx_word' id='word_1_186' title='bbox 453 3460 684 3541; x_wconf 77' lang='grc' dir='ltr'><em>ἘΝτρέννεοθαι</em></span> <span class='ocrx_word' id='word_1_187' title='bbox 697 3463 844 3541; x_wconf 75' lang='lat' dir='ltr'><em>revereri,</em></span> <span class='ocrx_word' id='word_1_188' title='bbox 858 3469 895 3528; x_wconf 88' lang='lat' dir='ltr'><em>ut</em></span> <span class='ocrx_word' id='word_1_189' title='bbox 907 3485 981 3552; x_wconf 89' lang='lat' dir='ltr'><strong>pag.</strong></span> <span class='ocrx_word' id='word_1_190' title='bbox 997 3465 1092 3531; x_wconf 91' lang='grc'><strong>1623.</strong></span> <span class='ocrx_word' id='word_1_191' title='bbox 1108 3466 1172 3532; x_wconf 76' lang='grc' dir='ltr'><em>οὐδὲ</em></span> <span class='ocrx_word' id='word_1_192' title='bbox 1185 3468 1254 3541; x_wconf 77' lang='grc' dir='ltr'><em>τοὺς</em></span> <span class='ocrx_word' id='word_1_193' title='bbox 1268 3468 1428 3552; x_wconf 75' lang='grc' dir='ltr'><em>πεμφθέν-</em></span> 
     </span>
     <span class='ocr_line' id='line_1_25' title="bbox 238 3551 1428 3657; baseline 0.009 -24"><span class='ocrx_word' id='word_1_194' title='bbox 238 3593 296 3643; x_wconf 78' lang='grc' dir='ltr'><em>τας</em></span> <span class='ocrx_word' id='word_1_195' title='bbox 322 3566 379 3632; x_wconf 78' lang='grc' dir='ltr'><em>ὑπὸ</em></span> <span class='ocrx_word' id='word_1_196' title='bbox 404 3574 459 3642; x_wconf 77' lang='grc' dir='ltr'><em>τῆς</em></span> <span class='ocrx_word' id='word_1_197' title='bbox 482 3551 779 3650; x_wconf 49' lang='grc' dir='ltr'><em>βονλῆς-ζφέλονς</em></span> <span class='ocrx_word' id='word_1_198' title='bbox 802 3570 854 3634; x_wconf 77' lang='grc' dir='ltr'><em>καὶ</em></span> <span class='ocrx_word' id='word_1_199' title='bbox 880 3571 1017 3649; x_wconf 77' lang='grc' dir='ltr'><em>ἀγαθοὺς</em></span> <span class='ocrx_word' id='word_1_200' title='bbox 1040 3571 1152 3656; x_wconf 76' lang='grc' dir='ltr'><em>ἀνδρας</em></span> <span class='ocrx_word' id='word_1_201' title='bbox 1177 3573 1366 3657; x_wconf 82' lang='grc' dir='ltr'><em>ἐνετράοινς,</em></span> <span class='ocrx_word' id='word_1_202' title='bbox 1394 3583 1428 3644; x_wconf 80' lang='lat' dir='ltr'><em>et</em></span> 
     </span>
     <span class='ocr_line' id='line_1_26' title="bbox 239 3674 482 3762; baseline 0.004 -20"><span class='ocrx_word' id='word_1_203' title='bbox 239 3677 366 3762; x_wconf 90' lang='lat' dir='ltr'><em>saepius</em></span> <span class='ocrx_word' id='word_1_204' title='bbox 389 3674 482 3743; x_wconf 84' lang='lat' dir='ltr'><em>alibi.</em></span> 
     </span>
    </p>
   </div>
   <div class='ocr_carea' id='block_1_8' title="bbox 239 3897 1430 4518">
    <p class='ocr_par' dir='ltr' id='par_1_9' title="bbox 239 3897 1430 4518">
     <span class='ocr_line' id='line_1_27' title="bbox 285 3897 1428 3988; baseline 0.01 -23"><span class='ocrx_word' id='word_1_205' title='bbox 285 3901 366 3987; x_wconf 84' lang='lat' dir='ltr'><strong>Pag.</strong></span> <span class='ocrx_word' id='word_1_206' title='bbox 392 3897 492 3967; x_wconf 87' lang='grc'><strong>1873.</strong></span> <span class='ocrx_word' id='word_1_207' title='bbox 524 3900 631 3980; x_wconf 78' lang='grc' dir='ltr'><em>παρεὶς</em></span> <span class='ocrx_word' id='word_1_208' title='bbox 657 3900 764 3966; x_wconf 75' lang='grc' dir='ltr'><em>δὲκαὶ</em></span> <span class='ocrx_word' id='word_1_209' title='bbox 790 3901 882 3977; x_wconf 76' lang='grc' dir='ltr'><em>αὐτὸς</em></span> <span class='ocrx_word' id='word_1_210' title='bbox 907 3899 1038 3969; x_wconf 79' lang='grc' dir='ltr'><em>ἀναοαν</em></span> <span class='ocrx_word' id='word_1_211' title='bbox 1063 3905 1211 3985; x_wconf 73' lang='grc' dir='ltr'><em>εἰρωνείαν</em></span> <span class='ocrx_word' id='word_1_212' title='bbox 1235 3905 1323 3988; x_wconf 83' lang='grc' dir='ltr'><em>ἔργον</em></span> <span class='ocrx_word' id='word_1_213' title='bbox 1343 3912 1428 3976; x_wconf 84' lang='lat' dir='ltr'>’&#39;AP-</span> 
     </span>
     <span class='ocr_line' id='line_1_28' title="bbox 241 4005 1430 4095; baseline 0.009 -24"><span class='ocrx_word' id='word_1_214' title='bbox 241 4007 344 4085; x_wconf 74' lang='grc' dir='ltr'><em>ἒομαι.</em></span> <span class='ocrx_word' id='word_1_215' title='bbox 392 4005 441 4071; x_wconf 79' lang='lat' dir='ltr'><em>Ex</em></span> <span class='ocrx_word' id='word_1_216' title='bbox 473 4014 624 4093; x_wconf 85' lang='lat' dir='ltr'><em>perpetua</em></span> <span class='ocrx_word' id='word_1_217' title='bbox 653 4008 801 4095; x_wconf 89' lang='lat' dir='ltr'><strong>Dionysii</strong></span> <span class='ocrx_word' id='word_1_218' title='bbox 833 4011 1059 4076; x_wconf 84' lang='lat' dir='ltr'><strong>consuetudine</strong></span> <span class='ocrx_word' id='word_1_219' title='bbox 1090 4009 1179 4091; x_wconf 81' lang='grc' dir='ltr'><em>ἔργον</em></span> <span class='ocrx_word' id='word_1_220' title='bbox 1208 4013 1342 4092; x_wconf 77' lang='grc' dir='ltr'><em>Ἔξομαι</em></span> <span class='ocrx_word' id='word_1_221' title='bbox 1379 4021 1430 4082; x_wconf 88' lang='lat' dir='ltr'><em>est</em></span> 
     </span>
     <span class='ocr_line' id='line_1_29' title="bbox 241 4113 1428 4210; baseline 0.007 -31"><span class='ocrx_word' id='word_1_222' title='bbox 241 4113 485 4179; x_wconf 81' lang='lat' dir='ltr'><strong>restituendum.</strong></span> <span class='ocrx_word' id='word_1_223' title='bbox 516 4135 589 4201; x_wconf 85' lang='lat' dir='ltr'><strong>pag.</strong></span> <span class='ocrx_word' id='word_1_224' title='bbox 623 4113 720 4180; x_wconf 92' lang='grc'><strong>1507.</strong></span> <span class='ocrx_word' id='word_1_225' title='bbox 754 4120 806 4179; x_wconf 82' lang='grc' dir='ltr'><em>νοῦ</em></span> <span class='ocrx_word' id='word_1_226' title='bbox 831 4114 1051 4197; x_wconf 74' lang='grc' dir='ltr'><em>οπονδάζοντος</em></span> <span class='ocrx_word' id='word_1_227' title='bbox 1076 4116 1164 4197; x_wconf 80' lang='grc' dir='ltr'><em>ἔργον</em></span> <span class='ocrx_word' id='word_1_228' title='bbox 1188 4118 1327 4202; x_wconf 79' lang='grc' dir='ltr'><em>ἔχεσθαι.</em></span> <span class='ocrx_word' id='word_1_229' title='bbox 1352 4142 1428 4210; x_wconf 84' lang='lat' dir='ltr'><strong>pag.</strong></span> 
     </span>
     <span class='ocr_line' id='line_1_30' title="bbox 244 4217 1429 4316; baseline 0.008 -31"><span class='ocrx_word' id='word_1_230' title='bbox 244 4218 342 4285; x_wconf 89' lang='grc'><strong>1523.</strong></span> <span class='ocrx_word' id='word_1_231' title='bbox 364 4218 479 4292; x_wconf 79' lang='grc' dir='ltr'><em>νιάντες</em></span> <span class='ocrx_word' id='word_1_232' title='bbox 499 4217 586 4300; x_wconf 78' lang='grc' dir='ltr'><em>ἔργον</em></span> <span class='ocrx_word' id='word_1_233' title='bbox 606 4219 737 4299; x_wconf 73' lang='grc' dir='ltr'><em>εἴχοντο.</em></span> <span class='ocrx_word' id='word_1_234' title='bbox 757 4242 829 4309; x_wconf 83' lang='lat' dir='ltr'><strong>pag.</strong></span> <span class='ocrx_word' id='word_1_235' title='bbox 853 4221 950 4288; x_wconf 83' lang='lat'><strong>1526.</strong></span> <span class='ocrx_word' id='word_1_236' title='bbox 967 4223 1056 4302; x_wconf 79' lang='grc' dir='ltr'><em>ἔργον</em></span> <span class='ocrx_word' id='word_1_237' title='bbox 1069 4226 1225 4306; x_wconf 77' lang='grc' dir='ltr'><em>ἐχώμεθα.</em></span> <span class='ocrx_word' id='word_1_238' title='bbox 1238 4249 1313 4316; x_wconf 85' lang='lat' dir='ltr'><strong>pag.</strong></span> <span class='ocrx_word' id='word_1_239' title='bbox 1328 4228 1429 4296; x_wconf 87' lang='grc'><strong>1545.</strong></span> 
     </span>
     <span class='ocr_line' id='line_1_31' title="bbox 241 4323 1429 4417; baseline 0.008 -26"><span class='ocrx_word' id='word_1_240' title='bbox 241 4325 330 4408; x_wconf 74' lang='grc' dir='ltr'><em>ἔργον</em></span> <span class='ocrx_word' id='word_1_241' title='bbox 355 4323 468 4407; x_wconf 79' lang='grc' dir='ltr'><em>εἴχετο.</em></span> <span class='ocrx_word' id='word_1_242' title='bbox 493 4347 565 4413; x_wconf 84' lang='lat' dir='ltr'><strong>pag.</strong></span> <span class='ocrx_word' id='word_1_243' title='bbox 595 4324 692 4392; x_wconf 91' lang='grc'><strong>1786.</strong></span> <span class='ocrx_word' id='word_1_244' title='bbox 714 4325 803 4407; x_wconf 80' lang='grc' dir='ltr'><em>ἔργον</em></span> <span class='ocrx_word' id='word_1_245' title='bbox 823 4328 939 4408; x_wconf 74' lang='grc' dir='ltr'><em>εἴχετο.</em></span> <span class='ocrx_word' id='word_1_246' title='bbox 958 4351 1033 4417; x_wconf 91' lang='lat' dir='ltr'><strong>pag.</strong></span> <span class='ocrx_word' id='word_1_247' title='bbox 1056 4329 1153 4397; x_wconf 84' lang='grc'><strong>1940.</strong></span> <span class='ocrx_word' id='word_1_248' title='bbox 1173 4331 1209 4398; x_wconf 75' lang='grc' dir='ltr'><em>ἵν’</em></span> <span class='ocrx_word' id='word_1_249' title='bbox 1230 4336 1316 4409; x_wconf 78' lang='grc' dir='ltr'><em>εὐθὺς</em></span> <span class='ocrx_word' id='word_1_250' title='bbox 1338 4337 1429 4417; x_wconf 81' lang='grc' dir='ltr'><em>ἔργον</em></span> 
     </span>
     <span class='ocr_line' id='line_1_32' title="bbox 239 4432 1240 4518; baseline 0.007 -19"><span class='ocrx_word' id='word_1_251' title='bbox 239 4434 384 4517; x_wconf 78' lang='grc' dir='ltr'><em>ἔχονται.</em></span> <span class='ocrx_word' id='word_1_252' title='bbox 431 4432 503 4498; x_wconf 84' lang='grc' dir='ltr'><em>Ηοο</em></span> <span class='ocrx_word' id='word_1_253' title='bbox 526 4453 650 4518; x_wconf 90' lang='lat' dir='ltr'><strong>quoque</strong></span> <span class='ocrx_word' id='word_1_254' title='bbox 674 4434 714 4498; x_wconf 90' lang='lat' dir='ltr'><em>ab</em></span> <span class='ocrx_word' id='word_1_255' title='bbox 738 4433 902 4500; x_wconf 88' lang='lat' dir='ltr'><strong>Herodoto</strong></span> <span class='ocrx_word' id='word_1_256' title='bbox 926 4439 1078 4503; x_wconf 86' lang='lat' dir='ltr'><strong>sumsisse</strong></span> <span class='ocrx_word' id='word_1_257' title='bbox 1100 4438 1240 4506; x_wconf 82' lang='lat' dir='ltr'><strong>videtur.</strong></span> 
     </span>
    </p>
   </div>
   <div class='ocr_carea' id='block_1_9' title="bbox 0 0 1555 5004">
    <p class='ocr_par' dir='ltr' id='par_1_10' title="bbox 0 0 1555 5004">
     <span class='ocr_line' id='line_1_33' title="bbox 0 0 1555 5004; baseline 0 0"><span class='ocrx_word' id='word_1_258' title='bbox 0 0 1555 5004; x_wconf 95' lang='lat' dir='ltr'><em> </em></span> 
     </span>
    </p>
   </div>
  </div>
 </body>
</html>
