3076 5004
809 275 853 356 14

237 469 292 546 πθρν
325 466 410 550 θβριν
440 475 512 558 post
538 471 690 555 »ἠνέσχετο
720 472 959 562 transponebat,
989 471 1043 538 sed
1068 470 1169 538 satius
1192 477 1239 539 est
1261 471 1354 561 plane
1378 491 1429 539 su·

236 597 468 662 pervacaneum
498 579 692 645 vocabulum
724 601 916 668 expungere.
962 579 1042 667 Pag.
1076 577 1152 645 382.
1194 579 1332 646 Vestalis
1363 583 1427 647 ait:

236 685 280 760 ectr
312 684 445 764 περιῖδρς
474 685 529 760 τὴν
560 692 693 760 crearis
725 685 834 768 ῖέρειιιν
865 687 917 751 τὸν
941 685 1070 753 νῖκπιςιν
1093 684 1181 766 μόρον
1205 687 1429 753 ιὶπιθκνρῦσιιν.

236 789 289 854 Sic
320 790 486 878 Kiessling
516 791 617 856 edidit
648 814 687 858 ex
722 790 872 859 Ohisiano
947 792 1081 858 Urbinas
1116 793 1212 860 habet
1246 793 1428 871 ιῖπιθιινεῖν,

221 895 321 982 ,111101
345 917 401 962 cur
425 896 611 986 repudietur
633 898 724 968 nulla
747 920 842 968 causa
865 904 923 968 est.

641 1144 798 1220 Ἔσχνπιι
812 1177 855 1190 -
868 1139 1015 1222 νῖπχιςνι.
1079 1184 1081 1188 -

283 1319 476 1406 Saepissime
498 1310 575 1386 haec
599 1323 681 1387 inter
705 1343 738 1387 se
760 1323 937 1408 permutari
960 1323 993 1386 in
1016 1321 1108 1385 libris
1130 1319 1209 1386 Mss.
1236 1321 1354 1407 solent,
1374 1323 1430 1388 sed

237 1427 321 1492 nihil
352 1433 400 1492 est
430 1426 556 1492 facilius
587 1448 685 1512 quam
713 1449 750 1493 ea
780 1428 954 1493 discernere
978 1432 1010 1492 et
1032 1432 1105 1492 utra
1126 1429 1169 1492 sit
1192 1428 1311 1512 ubique
1334 1430 1431 1513 scrip.

238 1539 309 1598 tura
340 1536 444 1599 verior
474 1536 674 1600 constituere.
721 1533 849 1598 Dicitur
879 1535 922 1598 πθι
953 1531 1080 1615 iuxere
1112 1534 1221 1599 πνιθεῖν
1256 1537 1293 1598 de
1326 1535 1431 1599 ultimo

237 1640 382 1724 supplicio
416 1644 448 1704 et
472 1639 580 1702 πενθεῖν
604 1640 646 1704 rei
676 1639 809 1719 νιῖπχιςιι
835 1641 873 1705 da
895 1641 1057 1717 foeminis,
1083 1641 1190 1726 qrvibca
1213 1645 1305 1726 capta
1327 1644 1432 1726 patria

234 1769 290 1830 per
320 1744 380 1809 cim
410 1752 541 1827 εθιιρνιινι
574 1746 702 1809 oblatum
727 1753 778 1810 eet.
826 1746 1021 1811 Audivimus
1040 1746 1136 1811 modo
1160 1747 1304 1813 tribunos
1326 1737 1433 1832 plebei

239 1856 362 1917 orantes
393 1854 437 1928 μὴ
470 1851 611 1930 περιιδεῖν
644 1852 770 1925 {carate
802 1853 845 1917 πθι
878 1851 1012 1933 cinxisse
1045 1851 1253 1930 πεπονθότες,
1285 1873 1348 1919 non
1371 1854 1431 1919 hoo

238 1959 440 2033 metuebant,
465 1957 520 2022 sed
543 1957 584 2021 πιὶ
611 1955 737 2039 ἔνχιιπιι
761 1958 799 2023 de
824 1959 927 2042 capite
948 1965 979 2024 et
998 1957 1100 2024 salute
1118 1958 1315 2024 dimicantes.
1352 1960 1430 2026 Rec-

238 2067 363 2130 tissime
387 2068 495 2129 contra
516 2062 637 2152 legitur
661 2084 734 2151 pag.
761 2063 858 2128 1585.
885 2072 1039 2144 γυνκῖκκς
1064 2064 1175 2128 ἐπιδεῖν
1201 2065 1269 2152 (τῖε)
1294 2067 1429 2145 νῖπχιςιι

239 2169 429 2252 πιισχνθπιις
461 2168 514 2233 real
547 2171 668 2241 πνῖδνις
701 2173 743 2242 εἷς
768 2167 854 2249 ὕβριν
878 2169 1060 2247 νὲγνμένενς.
1108 2169 1183 2235 Sine
1205 2174 1287 2238 vitio
1309 2170 1431 2259 legitur

239 2298 313 2364 pag.
342 2274 439 2340 1051.
468 2277 538 2358 οὐχὶ
559 2284 622 2347 τοῖς
644 2277 700 2354 μὲν
723 2278 803 2354 ὑμῶν
824 2277 950 2354 ὑπάρξει
970 2278 1097 2352 μηδενὸς
1117 2280 1295 2357 πειρκθῆνιιι
1316 2280 1428 2356 δεινοῦ,

238 2390 301 2454 reia
333 2381 364 2447 δὲ
393 2381 435 2446 roi
468 2380 594 2462 ἕνχιιπιι
626 2384 751 2459 πκθεῖν,
787 2388 818 2448 61
850 2380 924 2471 pag.
958 2381 1055 2451 1087.
1080 2384 1188 2450 δίκαιοι
1213 2385 1272 2462 μὲν,
1292 2381 1346 2460 ἦτε
1372 2384 1430 2472 (sic

238 2489 317 2576 leg.)
341 2489 383 2552 πι1
408 2486 537 2569 ἕσχνιτιν
561 2491 683 2565 πνιθεῖν,
706 2489 761 2553 sed
780 2490 928 2555 mendose
948 2511 1022 2577 pag.
1045 2491 1141 2555 1010.
1164 2490 1198 2566 ἐξ
1218 2489 1255 2555 ὧν
1276 2491 1429 2569 ὠφέλειαν

238 2600 295 2673 μὲν
327 2593 470 2672 οὐδεμίαν
497 2593 513 2669 ἢ
539 2595 651 2672 prepete
675 2619 744 2658 πινιι
768 2595 875 2676 κομιδῇ
901 2596 1073 2680 educarer,
1100 2603 1199 2660 κρινεῖν
1224 2597 1254 2660 δὲ
1280 2599 1428 2662 κινδυνεύ·

238 2724 301 2767 ρνπι
332 2700 375 2764 cci
406 2710 589 2768 Alcxlcrc
622 2703 748 2776 πενθεῖν,
774 2708 805 2765 61
829 2723 903 2788 pag.
930 2699 1028 2766 1865.
1053 2704 1096 2774 εἰς
1121 2705 1246 2778 oyem
1272 2703 1345 2785 ὑπὲρ
1369 2711 1428 2789 πεῖν

148 2837 150 2840 ’
236 2808 390 2888 cinxisse
414 2805 615 2881 κκθιςνὶνπες,
640 2807 697 2871 ubi
719 2805 894 2894 Kiessling.
916 2812 1037 2892 optime
1062 2809 1204 2889 ἐσχάτων
1229 2810 1429 2886 emendavit,

237 2912 292 2978 sed
326 2911 409 2997 quod
442 2933 481 2976 ex
510 2911 665 2980 Urbinate
696 2912 832 2977 κινδύνων
865 2913 990 2980 addidit
1013 2935 1075 2979 non
1100 2916 1213 2999 probo,
1238 2918 1313 3000 quia
1336 2915 1429 3002 plane

238 3019 324 3085 idem
352 3019 541 3095 661ιθνιῖνες
566 3023 598 3084 61
623 3018 763 3093 κίνδυνοι,
788 3021 826 3081 ut
849 3016 1052 3099 θνιινθζεσθιιι
1077 3023 1109 3083 61
1131 3018 1319 3086 κινδυνεύειν.

615 3256 711 3322 Οὐδὲν
735 3254 878 3322 ε’νδιδθνιιι
900 3257 1056 3335 μκλκκθν.

284 3440 363 3527 Peg.
399 3435 497 3502 1346.
530 3436 721 3501 dissentiunt
744 3442 848 3521 patres
854 3457 862 3515 ;
889 3437 960 3503 aliis
983 3438 1103 3504 leniora
1125 3438 1344 3514 suadentibus,
1371 3443 1430 3502 πῶν

240 3548 270 3612 δὲ
302 3546 396 3625 μηδὲν
427 3543 570 3608 ἐνδιδόναι
601 3543 653 3607 vei
688 3543 753 3628 (axi
787 3547 942 3609 omittunt
973 3545 1035 3610 duo
1067 3548 1182 3630 optimi
1205 3555 1234 3608 A
1258 3545 1294 3632 B)
1318 3559 1429 3622 ρινιλνν·

239 3655 374 3736 κθζεσθκι
395 3648 679 3730 συμβουλευόντων.
718 3647 793 3713 Sine
813 3653 1023 3716 controversia
1043 3651 1120 3716 haec
1140 3650 1247 3716 labem
1268 3657 1299 3714 et
1311 3653 1429 3718 vitium

239 3772 456 3845 conceperunt.
505 3757 593 3831 Μηδὲ
625 3753 855 3836 μκλνικθζεσθνιι
887 3755 1002 3821 saltem
1036 3757 1111 3822 ferri
1140 3762 1279 3842 poterat,
1304 3756 1358 3822 sed
1383 3763 1430 3822 est

238 3866 332 3952 plane
361 3865 448 3930 idem
479 3863 562 3948 quod
594 3862 687 3939 μηδὲν
716 3861 877 3934 ἐνδιδόναι,
907 3868 938 3928 et
968 3883 1162 3947 quamquam
1187 3868 1234 3927 est
1257 3862 1430 3949 Dionysius

239 3973 401 4058 loquacior
432 3968 542 4055 paullo
574 3972 606 4033 et
628 3969 790 4034 verbosior
815 3975 924 4034 tamen
947 3989 1010 4032 non
1033 3967 1114 4032 solet
1137 3968 1235 4034 verba
1258 3967 1429 4046 ῖσνδθιιιμν

240 4081 307 4142 sine
330 4075 400 4141 ulla
423 4095 517 4140 causa
541 4095 737 4159 componere.
787 4074 845 4140 Est
868 4080 977 4141 autem
1000 4074 1191 4160 Dionysius,
1215 4078 1252 4139 ut
1271 4074 1428 4152 diximus,

238 4183 353 4251 multis
385 4184 423 4247 de
454 4183 557 4247 causis
587 4181 711 4247 facilior
744 4181 784 4246 ad
816 4181 1050 4246 emendandum
1079 4201 1175 4266 quam
1206 4185 1281 4245 sunt
1314 4185 1431 4246 caeteri

238 4290 398 4377 plerique,
423 4291 521 4353 etiam
543 4294 708 4374 propterea
731 4289 815 4374 quod
837 4291 872 4352 in
895 4288 1020 4353 dicendi
1043 4309 1105 4352 usu
1124 4308 1186 4352 non
1204 4308 1287 4352 nova
1306 4308 1430 4373 semper

239 4397 363 4483 quaerit
394 4395 448 4462 scd
479 4395 590 4461 eadem
621 4395 659 4461 de
691 4394 804 4460 iisdem
831 4416 945 4480 ponere
970 4399 1057 4460 amat
1080 4398 1112 4459 et
1134 4393 1310 4478 permultas
1333 4394 1430 4464 habet
