3076 5004
709 280 748 352 17

131 471 283 543 κελεύσας
301 509 343 522 -
363 474 457 544 αύτδς
493 471 544 536 ἐπὶ
576 471 610 536 τὸ
645 473 832 552 τρατύπεδον
863 477 968 557 ἐχώρει
1004 476 1038 540 τὸ
1074 479 1132 542 τῶν
1167 466 1344 554 πολεμέωύ’

130 579 264 644 ἐλαύνων
296 577 380 662 [τοὺς
410 577 534 664 ἵππους]
569 579 630 642 aiod
660 579 779 659 κρύτος.
838 580 1049 667 Perspicuum
1083 604 1150 648 assa
1185 585 1321 650 arbitror

129 686 226 752 verba
254 686 324 758 τοὺς
348 683 459 756 ἵππους
484 684 618 751 absurde
642 705 708 750 esse
730 686 929 772 interpolata
978 687 1121 754 Dixisset
1142 689 1257 755 saltem
1281 692 1320 756 de

129 813 192 859 uno
223 813 299 880 rege
330 792 463 857 ἐλαύνων
490 791 540 856 τὸν
564 789 674 865 ἵππον,
699 814 801 878 neque
823 799 947 878 poterat
969 793 1162 879 Tarquinius
1185 795 1321 882 reliquo·

128 919 202 964 rum
234 901 380 984 equitum
415 897 486 970 τοὺς
521 895 633 968 ἵππους
669 898 817 963 ἐλαύνειν.
866 897 1094 986 Compluribus
1128 903 1199 967 aliis
1235 903 1319 988 apud

129 1004 321 1091 Dionysium
351 1003 430 1071 locis
460 1005 499 1070 ad
529 1004 664 1069 verbum
695 1004 835 1070 ἐλαύνειν
864 1015 939 1071 noto
967 1013 999 1072 ct
1020 1007 1234 1093 perfrequenti
1256 1029 1318 1073 usu

130 1111 169 1176 da
200 1114 306 1197 equite
339 1113 480 1196 positum
516 1110 674 1175 insulsum
709 1111 931 1177 huiuscemodi
965 1113 1125 1179 emblema
1158 1113 1319 1199 adhaesit,

129 1216 233 1282 veluti
263 1237 337 1304 pag.
370 1214 446 1280 840.
477 1216 629 1295 βασιλεὺς
664 1219 828 1296 Ταρκύνιος
843 1220 1045 1295 -ῆπεῖγετο
1078 1219 1211 1285 ἐλαύνων
1237 1221 1319 1306 [τοὺς

129 1321 254 1408 ἵππους]
287 1324 349 1389 οέπδ
385 1326 513 1404 ῥυτῆρος.
547 1344 620 1410 pag.
659 1321 734 1388 879.
767 1326 894 1403 Ἄρρους
930 1326 1225 1411 (Arcem-&ybs
1261 1334 1320 1392 τῶν

130 1429 286 1508 Ῥωμαίων
319 1431 438 1501 ἐλύοας
473 1429 536 1515 [τὸν
568 1426 685 1513 ἵππον]
718 1451 791 1518 pag.
826 1429 901 1495 932.
934 1423 964 1503 tc
996 1434 1058 1496 απὸ
1090 1435 1210 1513 ῥυτῆρος
1238 1434 1320 1518 [τοὺς

129 1534 256 1618 ἵππους]
288 1536 422 1601 ἐλαύνων
452 1535 503 1599 τὸν
536 1537 677 1613 ποταμὸν
708 1538 939 1615 διαπεραιοῦται
979 1558 1052 1625 pag.
1079 1537 1176 1603 1046.
1202 1541 1321 1603 οέυαλα-

127 1644 190 1723 βὼν
222 1643 253 1706 δέ
284 1644 338 1716 τῆν
369 1639 463 1707 ἵππον
495 1639 609 1718 Σέξτος
634 1642 765 1717 ῆλαυνεν
790 1643 851 1707 aiod
876 1641 985 1722 κράτος
1012 1644 1146 1730 [αύτῆν]
1170 1646 1227 1708 ubi
1251 1644 1321 1710 Sin-

126 1752 210 1815 tenis
232 1751 408 1815 rectissime
433 1749 530 1822 αύτῆν
554 1747 653 1813 deleri
671 1751 775 1814 iussit.
795 1771 869 1837 pag.
893 1748 990 1814 1064.
1011 1757 1126 1831 πρῶτος
1149 1750 1320 1816 εἰσελαύνει

130 1854 197 1942 [τὸν
224 1853 329 1940 ἵππον]
355 1853 530 1935 ἐφειμένων
553 1862 611 1918 τῶν
634 1862 789 1936 χαλινῶν,
814 1857 900 1921 idcm
926 1857 1010 1942 quod
1033 1858 1096 1921 οέπδ
1120 1861 1241 1938 ῥυτῆρος
1265 1858 1319 1921 im·

125 1962 225 2026 mirsia
254 1961 385 2025 ύούοαίο.
407 1982 482 2049 pag.
509 1959 607 2027 1102.
665 1962 807 2026 Λατίνων
828 1963 935 2034 ἱππεῖς
959 1964 1044 2028 κατὰ
1068 1965 1199 2037 τπουδῆν
1223 1964 1319 2029 ἐλαύ·

131 2091 230 2140 νοντες
267 2067 350 2154 [τοὺς
381 2064 507 2150 ἵππους]
536 2076 687 2146 παρῆσαν.
714 2075 746 2133 ct
769 2090 843 2157 pag.
868 2068 967 2135 2258.
1008 2071 1318 2149 Οὑεργίνιος-απὸ

128 2179 250 2257 ῥυτῆρος
275 2173 408 2237 ἐλαύνων
438 2173 502 2260 [τὸν
526 2172 633 2259 ἵππον]
658 2175 840 2254 ἐφικνεῖται
864 2176 931 2255 περὶ
956 2179 1079 2257 λύχνων
1103 2176 1204 2256 οἱφοῖς.

176 2281 253 2345 ’Avi
287 2278 397 2360 κρύοος
431 2280 700 2366 Xenophonteum
723 2287 785 2356 est,
812 2283 867 2365 qui
890 2285 1074 2367 saepissime
1096 2285 1142 2347 sic
1165 2282 1318 2366 loquitur.

129 2389 209 2452 Ἀπὸ
233 2392 354 2468 ῥυτῆρος
377 2387 473 2451 habet
497 2387 633 2452 colorem
655 2389 827 2476 potticum.
863 2385 1034 2478 Sophocles
1058 2387 1128 2456 Oea.
1152 2389 1218 2459 cor.
1242 2387 1319 2456 900.

130 2493 270 2560 σπεύδειν
291 2491 354 2559 οἵπδ
377 2497 510 2573 ῥυτῆρος.

514 2734 686 2817 Ἀφύρνρτος
699 2773 742 2784 -
754 2733 932 2818 οἵπύρρῆτος.

176 2919 339 2985 Ridebatur
368 2938 443 3005 pag.
472 2915 549 2981 807.
581 2911 643 2997 οἶρα
675 2915 834 2996 πέπρωται
858 2917 1017 2995 Ῥωμαίοις
1043 2898 1100 2984 ὑπ”
1120 2921 1319 2998 ἐμοῦ-τῆς

131 3026 299 3106 οέπορρῆτον
342 3022 513 3102 τυραννίδος
555 3024 805 3101 ἐπαλλαγῆναις
845 3022 1001 3089 Restituit
1034 3025 1147 3092 Editor
1180 3051 1218 3094 er
1252 3033 1319 3096 suia

129 3132 221 3196 libris
243 3139 299 3205 τῆς
322 3130 487 3211 ἀφορήτου.
523 3129 617 3195 Nunc
640 3135 688 3194 est
710 3134 821 3214 parata
841 3130 1021 3196 emendatio
1041 3131 1104 3199 loci
1123 3156 1195 3223 pag.
1220 3135 1318 3202 1104.

130 3237 229 3307 δεινῆς
261 3237 312 3301 καὶ
344 3236 596 3316 οέπορρῆτους
630 3231 979 3314 ὕβρεις-ὑπομένειν,
1012 3239 1078 3303 imo
1109 3261 1181 3306 vero
1205 3244 1319 3323 οἵφορῆ-

131 3369 216 3422 τους,
248 3351 285 3409 ut
308 3365 381 3431 pag.
412 3341 509 3409 1478.
535 3341 707 3421 οἵΦορῆτους
731 3341 783 3405 κα)
808 3340 1163 3419 δεινῆς-ἀλγηδόνας.
1189 3351 1220 3412 ct
1243 3369 1319 3438 pag.

135 3452 232 3518 1511.
256 3452 352 3526 δεινῆν
372 3450 424 3513 καὶ
448 3447 601 3530 οὶΦύρητον
626 3446 722 3529 ύβριν.

527 3689 703 3774 Participia
724 3687 925 3775 interpolata.

178 3872 223 3939 Ut
251 3873 445 3958 reliquorum
479 3872 623 3937 omnium
656 3873 701 3936 sic
731 3876 763 3935 et
791 3868 939 3956 Dionysii
963 3866 1094 3936 Codices
1116 3878 1238 3940 scatent
1260 3877 1321 3942 lec-

129 3989 238 4057 torum
270 3980 513 4054 additamentis,
545 3979 600 4061 qui
632 3979 666 4041 in
694 3977 770 4040 libri
793 3979 842 4040 sui
867 3978 1069 4064 marginibus
1092 3984 1148 4043 aut
1170 3983 1322 4065 interpre-

132 4091 287 4154 tationem
326 4085 473 4151 vocabuli
511 4086 639 4149 rarioris
682 4088 737 4148 aut
773 4085 979 4148 correctiones
1013 4090 1070 4148 aut
1103 4090 1322 4152 annotationes

133 4216 225 4260 omne
255 4213 358 4282 genus
390 4191 638 4275 adscripserunt,
671 4210 751 4274 quae
783 4188 894 4254 deinde
923 4210 1076 4277 magnam
1099 4196 1223 4276 partem
1247 4195 1322 4256 scri-

133 4302 247 4367 barum
272 4298 413 4364 socordia
434 4302 627 4384 irrepserunt
647 4299 682 4361 in
706 4301 842 4361 textum.
879 4295 1046 4362 Permulta
1070 4296 1264 4362 emblemata
1284 4300 1322 4364 da

133 4427 248 4496 genere
278 4405 338 4472 hoo
368 4405 505 4471 Urbinas
537 4427 612 4472 cum
643 4404 794 4470 (lhisiano
824 4402 965 4489 expulit,
996 4403 1051 4469 sed
1081 4403 1174 4489 plura
1194 4405 1323 4489 perinde

181 4525 249 4563 mou.
268 4525 328 4561 naa
1162 4512 1176 4557 2
