3076 5004
776 286 844 354 1⁹2

212 471 407 547 Graecorum
437 475 612 567 κακίπαίοι
643 496 711 540 esse
738 483 852 542 natum
877 482 910 543 et
934 498 1050 563 paucos
1081 478 1234 562 quosdam
1257 480 1409 545 veterum

211 585 297 652 locos
319 587 474 650 infecisse.

257 796 337 883 Peg.
371 794 468 863 1718.
505 796 667 867 ἀκούοντες
698 795 784 877 παρά
815 820 850 860 τε
882 792 1089 861 κατασκίπιον
1120 797 1172 862 καί
1204 802 1262 860 τῶν
1293 796 1328 860 ἐκ
1350 799 1408 860 τοῦ

214 904 355 983 χάρακος
379 901 671 981 ἀποδιδρασκόντων.
705 900 879 967 Subridens
898 922 1028 988 repones
1051 899 1309 983 ἀποδεδρακότων.
1334 900 1411 967 Non

209 1010 389 1095 infrequens
412 1009 489 1074 haec
512 1009 653 1075 confusio
676 1013 734 1074 est.

258 1216 338 1307 Peg.
367 1217 464 1286 1718.
490 1218 540 1285 τίν
566 1243 601 1284 τε
625 1217 757 1299 χάρακα
782 1219 976 1300 περιέςΗσαν
1000 1219 1051 1285 καί
1074 1219 1117 1285 τά
1143 1219 1410 1301 περιποιυριίματα

213 1325 350 1390 διαστάν
384 1326 570 1407 ἐπεχείρουν.
619 1324 758 1410 Requiro
787 1327 1134 1413 plusquamperfectum
1164 1327 1203 1393 de
1225 1347 1315 1393 more
1333 1349 1410 1393 cum

214 1432 402 1516 imperfecto
426 1435 650 1516 coniunctum,
676 1431 870 1512 περιέςΑσαν
895 1471 936 1482 -
957 1433 1145 1515 ἐπεχείρουν.

259 1643 339 1730 Pag.
365 1642 463 1712 1721.
499 1644 642 1720 Ῥωμαῖοι
676 1643 707 1708 δὲ
738 1645 776 1715 ὥς
809 1644 839 1708 ἐν
863 1646 1011 1725 ἀσφαλεῖ
1031 1644 1106 1717 τέως
1129 1642 1212 1717 ὄντες
1237 1644 1291 1722 ήδιρ
1314 1642 1411 1711 κατέ-

213 1750 330 1828 βαινον.
377 1747 506 1816 Editor:
533 1751 603 1827 „oet
623 1748 698 1822 τέως
724 1752 773 1814 ccl
794 1751 847 1827 ήδκ
873 1752 1028 1816 ἀιίοιιιίιιικ
1053 1775 1113 1817 cecc
1136 1753 1250 1817 σοαιιοιδ
1269 1751 1409 1817 Reirke’'.

213 1857 285 1923 Non
310 1862 357 1922 est
380 1856 519 1922 difficilis
541 1857 595 1923 vel
617 1860 739 1923 incerta
762 1861 863 1943 opti03
890 1857 964 1929 τέως
990 1864 1038 1924 est
1057 1859 1239 1925 delendum.
1270 1859 1411 1925 Ponitur

214 1965 302 2027 enim
328 1962 402 2034 τέιις
424 1963 482 2028 ubi
506 1963 568 2028 duo
592 1969 737 2049 tempora
759 1965 844 2029 inter
865 1985 898 2029 se
922 1970 1131 2051 opponuntur.

258 2174 340 2263 Peg.
368 2157 466 2243 1728.
491 2183 554 2249 τοῖς
579 2175 635 2255 μὲν
660 2169 708 2241 οὖν
734 2175 896 2254 Ῥιομοιίοις
919 2177 953 2243 τὸ
978 2177 1237 2254 ἀπαναλούμενον
1260 2185 1315 2254 τῆς
1333 2203 1409 2259 τροι-

213 2285 283 2354 τιάς
309 2281 437 2360 οὐδεμία
462 2283 548 2347 ποίέν
574 2283 702 2348 ἐπιοῦσα
723 2282 901 2364 ἐξεπλήρου.
934 2282 987 2350 Sic
1006 2284 1093 2349 libri.
1124 2282 1299 2374 Kiessling.
1318 2287 1409 2351 ποθὲν

213 2390 247 2453 in
270 2387 380 2454 οίκοίεν
402 2392 552 2456 mutavit.
579 2388 719 2455 Sintenis
740 2390 895 2471 ἐπικουρία
915 2395 986 2476 post
1003 2390 1132 2454 ἐπιοῦσα
1151 2391 1285 2457 addidit.
1308 2391 1410 2478 Equi-

213 2496 286 2561 dem
310 2501 468 2580 expuncto
493 2497 622 2560 ἐπιοῦσα
647 2496 866 2581 probaverim:
887 2496 1016 2575 οὐδεμία
1038 2495 1147 2561 οίκοάεν
1166 2498 1322 2578 ἐπικουρία
1343 2496 1408 2575 ἐξε-

213 2600 336 2680 πλήρου.
386 2600 421 2666 Si
452 2603 536 2666 enim
567 2605 774 2688 participium
806 2603 919 2669 addere
950 2602 1124 2689 Dionysius
1147 2602 1316 2678 voluisset,
1342 2625 1408 2671 non

213 2711 342 2774 ἐπιοῦσα
366 2709 498 2773 dixisset
521 2710 576 2774 sed
600 2710 782 2776 ἐπελίοῦσοι.
806 2710 975 2776 Praeterea
995 2711 1162 2794 perfectam
1181 2731 1238 2796 pro
1251 2711 1409 2795 praesenti

211 2819 337 2906 requiro
360 2817 619 2896 ἀπαναλΩμένον
644 2813 701 2903 pro
725 2816 990 2897 ἀπαναλούμενον.

258 3033 338 3121 Pag.
368 3030 464 3099 1734.
489 3033 581 3099 Γάιόν
607 3032 732 3100 Ἰούλιον
745 3072 786 3083 -
800 3033 835 3098 ἐκ
857 3036 916 3098 τῦν
938 3030 1200 3133 Φιλοδήμοτικῦν,
1224 3038 1408 3100 monstrum

210 3140 271 3205 hoc
294 3141 384 3206 verbi
408 3145 455 3204 est
479 3137 652 3206 conflatum
674 3161 714 3205 ex
736 3138 908 3221 φιλόδημος
932 3143 965 3204 et
982 3136 1142 3216 δημοτικάς
1161 3145 1291 3227 propter
1309 3140 1407 3208 ditto

211 3247 382 3334 graphiam
406 3249 591 3312 coniunctis.
641 3244 831 3332 Scripserim
856 3247 890 3310 ἐκ
913 3251 971 3310 τῶν
995 3242 1173 3325 δημοτικῶν.

255 3456 336 3547 Peg.
353 3455 449 3524 1737.
473 3459 505 3524 οὐ
526 3456 650 3539 μακρδιν
668 3459 723 3531 τής
744 3416 881 3530 πίλους.ι
897 3451 986 3524 Male
1005 3462 1170 3543 receptum
1190 3478 1229 3524 ex
1249 3457 1405 3527 Urbinate

210 3565 243 3630 οῦ
267 3564 392 3646 μακράν
416 3566 480 3630 ἀπὸ
504 3569 560 3639 τής
580 3563 710 3639 πίλους.

638 3825 682 3872 AD
705 3820 828 3874 LIBRUM
850 3820 972 3873 NONUM.

256 3989 336 4076 Peg.
363 3982 462 4052 1738.
494 3983 645 4065 διαφοράς
676 3985 841 4064 γενομένης
870 3986 911 4066 τῷ
936 3983 1021 4067 δήμῳ
1046 3987 1118 4066 πρὸς
1143 3989 1197 4063 τήν
1220 3984 1336 4065 βουλήν
1361 4023 1403 4038 -—

210 4093 512 4175 γνωσιμαχήσαντες
538 4092 625 4177 [πρδς
648 4093 805 4166 ἀλλήλους
825 4093 842 4166 d
861 4092 960 4170 βουλή
980 4093 1033 4158 καί
1055 4094 1069 4158 ί
1091 4093 1200 4178 δῆμος]
1225 4093 1312 4166 τέλος
1334 4114 1405 4159 συν-

211 4201 338 4267 έπεισαν
369 4199 523 4271 ἀλλήλους
556 4201 615 4279 ἀφ’
648 4198 761 4271 enarer
793 4199 911 4279 μεριδος
945 4195 1062 4265 ῦπατον
1098 4201 1262 4280 αἱρείήναι.
1325 4201 1405 4283 Quis

211 4309 318 4375 credat
340 4311 454 4372 teretes
477 4304 625 4392 Dionysii
649 4325 740 4370 aures
761 4305 843 4370 hanc
866 4306 1049 4371 scabritiem
1072 4309 1222 4373 orationis
1246 4308 1326 4373 ferre
1348 4329 1404 4394 po

210 4410 330 4483 suaset
361 4410 477 4478 Omnia
499 4415 585 4477 recte
607 4410 778 4496 procedent
798 4413 856 4478 ubi
878 4415 1008 4479 resectis
1030 4414 1137 4479 verbis
1157 4413 1241 4480 male
1260 4415 1406 4500 repetitis
