3076 5004
769 310 772 315 “
832 308 853 352 Χ

246 486 306 574 lroc
339 507 432 594 (xxx)
462 506 589 572 lirisse.”
613 510 690 591 quot
714 511 822 572 autem
845 507 974 572 omnino
997 507 1116 570 fuerint
1139 507 1195 570 aut
1217 504 1336 568 nescire
1360 522 1434 567 sum

180 681 184 690 .
248 632 376 712 apparet
399 633 455 691 aut
481 633 604 692 certum
627 648 798 692 numerum
819 628 1008 712 ponentibus
1031 625 1114 690 nihil
1135 611 1313 689 credidisse.

190 949 193 955 ἡ
294 867 341 931 De
370 865 518 952 Dionysii
549 863 761 954 Ohronologia
791 867 867 951 quid
898 868 1048 930 sentirem
1080 870 1185 949 aperte
1214 869 1246 928 et
1272 865 1437 948 perspicue

250 986 419 1052 declaravi.
469 986 550 1051 Tota
581 986 698 1052 fabulis
721 988 830 1051 innixa
856 985 930 1051 ficta
953 992 1001 1051 est
1025 991 1058 1051 et
1082 987 1313 1051 commenticia.
1360 984 1438 1048 Pars

249 1128 357 1171 rerum
389 1105 467 1170 olim
501 1111 665 1192 gestarum
696 1127 735 1170 ne
765 1107 915 1170 umbram
938 1106 1067 1190 quidem
1091 1108 1140 1169 sui
1162 1104 1292 1188 reliquit
1315 1109 1347 1168 et
1370 1124 1438 1167 om·

250 1229 300 1291 nis
331 1247 439 1291 earum
471 1226 557 1290 fama
588 1226 746 1292 oblivione
779 1227 892 1291 obruta
922 1231 970 1291 est
1000 1230 1032 1290 et
1050 1225 1194 1289 funditus
1218 1223 1329 1289 deleta.
1366 1223 1440 1288 Alia

252 1351 382 1422 contra,
412 1350 450 1410 ut
480 1346 696 1430 ostendimus,
730 1345 828 1411 semel
863 1350 933 1410 acta
957 1349 988 1409 et
1010 1349 1101 1432 gesta
1124 1346 1248 1429 saepius
1272 1346 1386 1409 iterata
1409 1349 1443 1410 et·

253 1466 469 1551 multiplicata
492 1466 531 1530 ad
556 1487 652 1530 annos
672 1472 704 1530 et
727 1463 879 1531 Consules
901 1464 979 1530 alios
999 1470 1093 1549 atque
1114 1465 1191 1529 alios
1212 1464 1322 1529 eadem
1341 1463 1441 1528 relata

253 1591 336 1651 sunt.
384 1587 495 1670 Itaque
526 1591 707 1671 temporum
735 1589 849 1651 seriem
881 1606 1119 1669 nonnumquam
1149 1588 1182 1649 in
1213 1586 1341 1650 brevius
1369 1604 1440 1648 con-

254 1711 389 1771 tractam
415 1706 587 1779 habemus,
612 1707 667 1772 sed
692 1709 816 1791 saepius
839 1707 935 1771 nimis
961 1711 1087 1771 auctam
1112 1708 1200 1770 etin
1220 1707 1325 1768 maius
1349 1725 1441 1791 exag-

255 1831 407 1914 geratam.
456 1826 642 1911 Numquam
674 1830 841 1912 quisquam
872 1849 911 1892 ex
942 1827 1000 1892 hoc
1030 1826 1215 1912 labyrintho
1247 1829 1371 1890 exitum
1394 1845 1441 1888 re·

255 1948 358 2031 periet
381 1950 413 2010 et
436 1947 605 2011 tenendum
631 1953 678 2012 est
701 1945 821 2012 Catulli
843 1947 942 2012 illud:

530 2074 618 2130 miser
645 2073 768 2146 Catullo,
795 2072 908 2131 dusinus
931 2072 1068 2150 ineptire,

526 2199 555 2251 ct
577 2193 653 2268 quod
673 2193 753 2252 sides
773 2193 884 2270 perisse
900 2189 1052 2271 perditum
1076 2192 1168 2251 ducos.

300 2311 372 2376 Non
396 2311 463 2375 sine
487 2312 587 2375 animi
611 2310 717 2396 dolore
740 2310 832 2376 video
852 2313 1020 2398 egregium
1036 2312 1157 2387 virum,
1178 2330 1240 2394 quo
1259 2330 1321 2375 non
1342 2309 1443 2388 alium

258 2432 499 2517 praeclariorem
531 2437 638 2496 nostra
660 2433 816 2497 memoria
837 2431 1002 2496 Britannia
1024 2435 1037 2494 t
1061 2430 1117 2507 lit,
1143 2431 1284 2496 doctrina
1307 2433 1441 2508 eximia,

257 2550 412 2639 singulari
428 2553 582 2617 acumine
606 2556 637 2615 et
659 2525 841 2616 admirabili
861 2551 1033 2616 disserendi
1053 2549 1231 2614 subtilitate
1251 2554 1283 2614 et
1302 2549 1443 2615 sollertia

257 2673 374 2736 frustra
406 2672 455 2735 nti
486 2673 520 2735 in
551 2672 732 2758 indaganda
762 2670 898 2736 Homeri
921 2676 1023 2736 astrata
1047 2675 1078 2734 et
1100 2673 1132 2733 in
1158 2689 1238 2734 anno
1262 2690 1324 2753 quo
1349 2671 1443 2738 'froia

256 2798 348 2878 capta
378 2795 420 2856 sit
452 2792 683 2879 investigando.
730 2792 906 2857 Possumus
933 2789 1068 2855 aliorum
1090 2792 1219 2854 incertis
1242 2792 1443 2874 opinionibus

256 2933 354 2979 nouas
386 2913 516 2995 addere,
545 2912 599 2976 sed
632 2932 725 2976 nemo
755 2932 908 2996 umquam
940 2917 997 2974 τῶν
1023 2910 1179 2974 ἀδυνάτων
1203 2912 1271 2990 ἐρῶν
1295 2917 1327 2977 et
1349 2933 1441 2996 quae-

256 3054 326 3099 rens
356 3033 390 3096 id
421 3033 504 3116 quod
536 3034 665 3117 reperiri
689 3053 752 3097 non
774 3036 895 3116 potest,
919 3030 995 3095 fecit
1018 3037 1074 3095 aut
1097 3031 1238 3096 facturus
1262 3037 1309 3097 est
1332 3053 1443 3118 operae

257 3154 407 3237 pretium.

303 3272 460 3339 Oonvenit
493 3275 527 3338 in
560 3271 782 3338 huiuscemodi
816 3273 922 3338 studia
957 3274 1080 3338 dictum
1115 3273 1291 3340 Aristarchi
1329 3242 1444 3360 tragici

260 3395 344 3480 apud
367 3393 541 3460 Stobaeum
563 3399 664 3476 Ecloy.
687 3392 726 3457 II.
755 3393 784 3458 1.

463 3513 514 3578 acl
539 3514 630 3578 ταῦτ’
653 3511 715 3577 ἴσον
738 3513 794 3590 μὲν
818 3510 851 3578 εὖ
873 3512 993 3592 λέγειν,
1020 3513 1081 3580 loos
1105 3510 1139 3579 il
1156 3517 1215 3593 μή,

464 3633 526 3699 ἴσον
551 3634 577 3697 δ’
602 3634 739 3712 ἐρευνᾶν,
765 3632 798 3710 ἐξ
821 3633 885 3699 loon
909 3635 941 3700 at
964 3637 1008 3711 μὴ
1031 3634 1151 3700 εἰδέναι.

462 3761 569 3819 πλεῖον
592 3754 655 3834 γὰρ
678 3755 760 3820 οὐδὲν
784 3757 809 3820 οἱ
831 3756 920 3839 σοφοὶ
946 3763 1003 3821 τῶν
1029 3758 1073 3833 μὴ
1097 3760 1198 3836 σοφῶν

444 3877 504 3946 Ἰεἰς
530 3879 635 3940 ταῦτα
659 3877 891 3955 γιγνώσκουσιν·
916 3879 940 3941 εἰ
965 3876 990 3940 δ’
1014 3875 1111 3941 ἄλλον
1135 3874 1222 3954 λέγει

464 3993 587 4074 ἄμεινον
611 3993 706 4071 ἄλλος
731 3999 773 4080 τῷ
797 3998 902 4076 λέγειν
927 3997 1099 4076 ὑπερφέρει.

306 4241 480 4327 Reliquum
517 4246 565 4307 est
593 4245 631 4306 ut
660 4239 699 4305 de
727 4237 874 4326 Dionysii
903 4241 1042 4305 oratione
1065 4243 1098 4304 et
1120 4238 1194 4304 stilo
1218 4245 1250 4305 et
1273 4240 1311 4305 de
1333 4238 1446 4328 lingua

261 4387 323 4452 qua
352 4366 456 4430 utitur
485 4363 594 4447 paucis
624 4360 700 4444 quid
730 4362 865 4425 sentiam
895 4361 1011 4426 dicam.
1056 4358 1242 4427 Plurimum
1272 4382 1383 4447 operae
1414 4366 1446 4425 et
