3076 5004
800 292 842 363 46

273 480 353 570 Peg.
388 480 463 547 386.
496 482 535 548 de
564 484 606 547 iis
637 485 693 567 qui
721 484 810 573 leges
843 487 881 553 de
911 489 1032 573 nuptiis
1055 482 1199 550 tulerunt
1220 487 1267 549 116
1289 483 1417 549 scribit:

230 590 255 655 οί
287 589 398 666 ροδι-
413 588 512 660 κοιιόις
543 589 603 660 τοὶς
630 588 731 667 μίξεις
757 593 962 669 ε’τοιήσαιΤΟ
988 594 1029 674 τῷ
1054 591 1151 674 ἄρρενι
1176 593 1247 671 πρός
1272 592 1306 656 τὸ
1332 591 1418 666 θῆλυ.

229 694 357 760 Clamat
380 697 537 760 sententia
558 696 703 770 ε’τοίκσαν
723 703 834 784 616616
855 701 893 765 de
912 698 1096 788 legislatore
1119 719 1185 764 6666
1205 696 1419 763 scribendum.

228 800 318 866 Idem
351 807 398 866 cst
430 803 516 866 enim
547 804 580 865 in
610 802 661 866 his
695 806 844 870 omnibus
875 807 1047 870 discrimen
1078 826 1116 870 ex
1143 807 1213 889 ipsa
1236 805 1282 868 rei
1304 807 1420 868 natura

228 912 342 972 natum
366 908 449 992 quod
472 910 555 972 inter
579 909 690 972 τιθέναι
715 909 803 987 νόμον
826 918 859 977 61
877 912 1023 976 τίθεσθαι.
1059 910 1120 991 Qui
1140 910 1213 975 aliis
1232 910 1293 973 fert
1311 908 1420 995 legem

231 1015 409 1098 (1661616166)
441 1015 491 1077 τὸν
524 1014 612 1091 νέμον
643 1015 757 1090 τίθκσι,
790 1020 845 1103 qui
867 1019 930 1083 sibi
953 1020 1021 1104 ipse
1046 1017 1199 1104 (popuhcc)
1225 1016 1343 1080 τίθεται
1366 1015 1419 1080 τὸν

229 1119 327 1198 νόμον.
364 1118 417 1185 Sic
436 1123 539 1207 igitur
556 1119 639 1186 16166
658 1121 740 1209 legis
759 1124 860 1197 κοιιόος
882 1132 963 1189 τοιεῖ
979 1124 1037 1194 σόος
1059 1123 1172 1201 μίξεις,
1192 1143 1255 1188 666
1272 1130 1418 1187 ποιεῖται.

273 1361 311 1426 In
341 1362 450 1427 eodem
483 1367 673 1450 argumento
705 1384 779 1451 pag.
812 1362 887 1429 286.
922 1364 977 1430 6111
1006 1364 1157 1429 dicuntur
1189 1362 1282 1441 ἄνδρα
1307 1356 1418 1441 συναρ-

230 1467 382 1547 μύσαντες
419 1477 483 1533 elc
514 1476 649 1547 γυναῖκα
681 1469 773 1546 μίαν,
806 1471 890 1554 quod
921 1470 999 1555 quid
1022 1472 1064 1534 611
1087 1490 1150 1534 666
1174 1468 1266 1533 facile
1289 1468 1418 1532 dixeris.

230 1572 348 1641 Contra
380 1574 514 1660 planum
550 1580 582 1640 61
616 1578 820 1661 perspicuum
853 1581 920 1642 est:
954 1575 1198 1656 συναρμόσαντες
1231 1582 1341 1638 ΠΡΟΟ
1365 1596 1422 1650 γυ-

230 1689 322 1745 ναῖκα
345 1681 432 1758 μίαν.

273 1787 389 1853 Paullo
421 1791 494 1852 6616
517 1787 684 1853 edebatur:
710 1787 762 1852 καί
788 1786 877 1868 ζῆλοι
901 1787 1125 1861 οέλλκλοκτόνον
1150 1784 1341 1864 ἀξιούμενοι,
1367 1805 1419 1852 ve·

229 1915 303 1960 rum
321 1894 405 1960 vidit
426 1890 631 1959 Oasaubonus
651 1894 839 1971 ἐξελούμενοι
861 1914 1030 1979 66666666,
1054 1914 1150 1979 quam
1165 1892 1420 1957 emendationem

230 1999 337 2065 Oodex
369 1999 506 2064 Urbinas
539 1998 747 2067 confirmavit.
795 2001 928 2084 Recepit
958 2000 1086 2077 Editor,
1118 1998 1172 2064 sed
1202 1998 1290 2063 idem
1315 1999 1421 2063 666616

230 2106 315 2170 unde
349 2106 447 2188 ζθλον
479 2105 712 2180 ἀλληλοκτόνων
736 2108 921 2183 substituit,
946 2106 1029 2190 quod
1054 2110 1160 2190 aperte
1183 2106 1338 2170 vitiosum
1361 2109 1418 2168 661.

274 2345 356 2433 Pag.
390 2343 465 2411 295.
500 2346 525 2410 οί
558 2343 661 2426 ἄνδρες
693 2345 767 2412 δέκα
798 2347 823 2411 οί
855 2344 1060 2426 τετρακοσίοις
1093 2341 1190 2409 ἔτεσιν
1218 2341 1319 2422 ἱίςεροι
1343 2344 1420 2408 cirro-

233 2450 417 2533 δειχθέντες.
463 2451 633 2515 Decemviri
663 2473 726 2518 non
757 2452 956 2538 appellantur
989 2455 1014 2517 οί
1050 2449 1153 2532 ἄνδρες
1189 2449 1281 2527 δέκα,
1319 2471 1421 2535 neque

232 2559 316 2643 quod
341 2559 460 2623 Reiske
484 2559 698 2624 substituebat
721 2561 747 2623 οἱ
772 2555 875 2638 ἄνδρες
898 2561 924 2623 οἱ
948 2557 1038 2632 δέκα,
1062 2558 1115 2622 sed
1140 2561 1195 2620 661
1219 2559 1243 2621 οἱ
1269 2554 1361 2640 δέκα,
1384 2559 1423 2620 61

230 2667 256 2730 οἱ
282 2660 410 2742 ἕνδεκα,
436 2668 461 2730 οἱ
486 2663 666 2750 τριοίκοντα,
692 2667 717 2729 οί
742 2664 952 2745 τετρακόσιοι,
979 2668 1034 2729 aut
1057 2664 1082 2727 οἱ
1103 2661 1177 2727 δέκα
1197 2660 1317 2743 ἄνδρες,
1338 2661 1422 2746 quod

228 2772 455 2858 reponendum.

274 3011 356 3098 Pag.
383 3009 460 3076 296.
487 3010 535 3075 ε’τί
560 3013 615 3085 τὴν
639 3012 734 3095 φύσιν
766 3010 1084 3083 ὀλισθαίνοντας
1117 3013 1210 3084 εἰδώς.
1257 3010 1421 3076 Pessimae

230 3122 324 3193 notae
354 3118 490 3183 verbum
523 3124 570 3183 est
601 3118 781 3183 ὀλισθαίνειν
814 3123 845 3184 61
869 3117 1038 3202 Apollonio
1061 3117 1186 3183 Rhodio
1210 3122 1241 3182 61
1263 3116 1423 3182 Nicandro

159 3259 161 3263 ·
232 3223 377 3311 dignum.
424 3223 553 3290 Veteres
578 3246 686 3290 omnes
710 3225 855 3290 θλισθοθιο
876 3225 1023 3290 dicebant
1041 3228 1092 3308 (ut
1111 3225 1317 3307 όφλισκοίνο).
1338 3223 1423 3288 unde

230 3330 360 3395 ὀλισθεῖν
392 3337 422 3396 61
455 3333 630 3396 οὶτιολισθεῖν
662 3341 694 3396 61
727 3330 890 3408 ἐξολισθεῖν
913 3338 988 3397 6616
1011 3335 1095 3395 sunt.
1143 3331 1228 3396 Faex
1251 3328 1422 3396 Graeculo·

229 3459 304 3502 rum
336 3436 490 3509 ὠλίσθκσα
521 3439 625 3522 666611
657 3436 760 3502 116666
786 3437 1013 3514 61ο1λίοθκκα,
1039 3439 1134 3501 6116
1157 3436 1275 3502 talibus
1298 3435 1421 3520 solent,

232 3543 400 3626 ἡμοίρτκσα
424 3544 563 3608 dicentes
587 3547 619 3608 61
643 3541 776 3624 ἔλειψα,
803 3537 877 3621 ἦξα,
903 3541 1034 3624 ἔκραξα,
1059 3542 1224 3624 οέτέδρασα
1247 3547 1279 3608 61
1302 3528 1394 3611 6166.ι

273 3771 353 3859 Pag.
383 3768 459 3835 298.
485 3767 646 3850 -ῥοίβδονς
670 3792 706 3832 τε
729 3766 781 3831 κα1
807 3767 948 3839 πελέκεις
975 3767 1028 3831 ὑπ’
1055 3768 1166 3847 ἀνδρῶν
1191 3767 1305 3833 δώδεκα
1331 3774 1420 3849 Φερο-

229 3875 336 3955 ροέιονς
362 3885 431 3942 OIC
454 3876 524 3947 τοὺς
548 3874 605 3951 μὲν
629 3871 705 3949 ίιξια
729 3873 873 3953 μαςίγοιν
899 3873 1082 3954 δεδρακότας
1108 3877 1137 3938 ἐν
1161 3875 1261 3957 οὶγορᾷ
1286 3873 1418 3960 ἔξαινον,

228 3991 287 4048 τῶν
318 3984 349 4048 δὲ
380 3983 423 4048 τα
455 3981 575 4060 μέγιςα
608 3979 790 4055 ἠδικηκότων
823 3981 892 4051 τοὺς
923 3987 1099 4061 τραχήλους
1123 3980 1298 4046 οίτέκοττον
1323 3983 1352 4045 έν
1377 3986 1418 4062 τῷ

228 4092 360 4173 φανερῷ.
409 4089 477 4168 Quo
507 4088 640 4153 refertur
670 4083 1158 4168 61616666611οίβδονς,6666
1182 4089 1215 4152 αί
1241 4086 1346 4168 ῥόβδοι
1373 4089 1419 4153 (11-

229 4199 319 4262 61166.
367 4182 427 4260 De¹
446 4195 600 4258 1161661166
624 4193 700 4259 haec
726 4195 893 4264 dicuntur,
918 4195 1125 4279 quamobrem
1152 4192 1341 4281 legendum:
1367 4195 1420 4260 ὑπ’

228 4302 338 4382 ἀνδρῶν
371 4300 486 4365 δώδεκα
520 4298 1005 4371 ΟΙ-ἔξαινον-οίτέκοιιτον.
1054 4291 1094 4364 Oi
1126 4306 1174 4365 est
1205 4303 1239 4364 in
1271 4302 1419 4366 omnibus

227 4408 319 4475 libris
342 4413 563 4495 praeterquam
586 4410 621 4472 16
644 4406 819 4483 1161616616,
844 4408 900 4491 qui
923 4427 1006 4472 nnnc
1030 4406 1159 4491 quidem
1182 4405 1315 4471 fallitur.
