3076 5004
699 298 771 375 169-

182 489 262 588 Pag.
296 495 396 564 1675.
428 496 463 563 τὸ
488 499 518 562 ἐν
543 506 668 570 πολλοῖς
693 497 1046 578 εὐτυχεῖν-λανθάνει
1072 499 1235 578 ἐπιθυμιῶν
1266 498 1326 582 οίρ-

137 605 269 686 χιιρὸν
304 605 508 682 ἐκβαινουσῶν
536 609 590 680 τὴν
623 605 805 684 ἀνθρωπίνην
837 604 942 686 Φύσιν.
989 608 1129 672 Axonam
1152 610 1220 674 sine
1243 608 1328 675 calco

137 713 235 780 vides.
273 711 430 796 Expedita
452 720 545 777 erunt
568 715 676 778 omnia
695 716 728 776 et
746 717 818 796 apte
839 715 1014 797 composita
1033 713 1090 778 ubi
1111 715 1328 799 emendaveris

140 820 222 899 dcxl
245 817 275 883 ίν
298 839 354 903 pro
378 817 530 898 ἀρχηγόν.

181 1030 262 1117 Pag.
289 1029 385 1094 1676.
410 1031 530 1096 excidit
552 1029 674 1116 aliquid
698 1034 730 1094 et
753 1028 838 1094 male
861 1030 965 1096 divisa
981 1031 1078 1097 verba
1097 1038 1180 1098 sunt.
1206 1033 1328 1124 Legen-

138 1135 215 1201 dum
239 1136 375 1202 arbitror
398 1138 549 1205 Λατίνους
573 1161 608 1200 τε
631 1137 695 1213 γαρ
719 1135 801 1211 ἠξίου
822 1136 1192 1217 -ουμπεριλαροβιίνειν
1216 1140 1269 1205 καί
1283 1177 1326 1190 -·

136 1239 277 1323 Ἕρνικας
306 1242 371 1328 (καὶ
396 1239 502 1321 οὕτως)
525 1244 623 1308 οἰκεία
647 1241 744 1322 ἑαυτῷ
770 1241 1010 1322 παρασκευοίοαι
1036 1243 1079 1307 τοί
1099 1243 1177 1318 ἔίνη.
1210 1249 1327 1311 Ταῦτα

138 1348 200 1434 (δὴ)
225 1333 399 1424 διανοηθείς
413 1350 479 1415 κτὲ.

97 1570 100 1574 “
181 1559 263 1647 Peg.
290 1558 386 1628 1676.
421 1560 593 1627 ἀποδέδωκε
620 1600 659 1609 -
686 1562 787 1638 λίνον.
836 1561 1020 1628 Perfectum
1043 1564 1076 1630 h.
1102 1564 1125 1629 l.
1152 1561 1326 1630 absurdum

137 1672 192 1730 est.
241 1665 340 1732 Recte
363 1665 502 1732 Sintenis
525 1669 682 1753 ἀπέδωκε,
708 1668 791 1754 quod
814 1672 926 1734 statim
947 1673 981 1734 in
1005 1675 1131 1736 textum
1155 1672 1255 1756 recipi
1276 1672 1328 1737 de·

137 1771 258 1838 buerat.
305 1774 390 1839 Nota
420 1780 453 1838 et
484 1774 629 1860 frequens
658 1779 693 1839 in
715 1774 806 1839 libris
830 1777 972 1841 confusio
996 1783 1044 1842 est
1066 1780 1150 1842 inter
1173 1777 1271 1842 ἔδωκα
1296 1783 1329 1844 et

139 1876 254 1943 δέδωκα
278 1901 352 1944 cum
376 1883 561 1965 compositis
584 1881 740 1969 omnibus.

182 2089 261 2184 Peg.
289 2093 388 2161 1677.
413 2094 511 2174 τρίτον
535 2094 566 2158 δὲ
590 2093 735 2165 καταπίοι
759 2094 810 2158 ἐπὶ
834 2095 889 2169 τίιν
912 2095 1009 2169 αὐτὴν
1033 2095 1146 2176 ἀρχήν.
1195 2095 1307 2161 Ιίοννοιι
1320 2138 1328 2174 ,

138 2201 258 2265 tertium
289 2197 407 2267 Consul
437 2206 616 2267 constanter
647 2201 765 2266 dicitur
787 2210 847 2266 TO
873 2202 1027 2282 δεύτερον,
1060 2211 1121 2266 ΤΟ
1154 2204 1263 2282 τρίπον.
1288 2203 1328 2268 cf.

137 2327 211 2397 pag.
236 2306 333 2374 1671).

184 2515 264 2608 Peg.
288 2516 384 2586 1679.
408 2519 584 2601 ἠγριωμένοι
606 2544 642 2583 τε
664 2518 716 2584 καὶ
734 2519 776 2583 τοὶ
792 2518 962 2585 ’ΈΟΧΑτα
982 2521 1054 2585 κατ’
1075 2521 1221 2596 οίλλνίλων
1234 2520 1328 2596 ίνείδιρ

140 2624 293 2703 λέγοντες.
330 2627 418 2693 Male
442 2626 585 2714 Sylburg
608 2628 650 2691 τὰ
675 2624 811 2706 αίοχιτα
834 2647 983 2711 reponere
1006 2627 1143 2693 volebat.
1168 2629 1330 2712 asperrima

139 2738 228 2798 erant
251 2736 411 2807 convicia,
438 2754 501 2799 non
524 2733 705 2816 turpissima.
753 2733 930 2818 Xenophon
952 2734 1078 2798 Memor.
1103 2733 1143 2798 Il.
1170 2736 1202 2800 2.
1225 2734 1255 2800 9.
1276 2734 1328 2800 οίει

139 2840 358 2921 χαλεπώτερον
391 2837 470 2905 εἷναί
500 2864 545 2904 σοι
575 2843 695 2906 οίκούειν
728 2837 766 2904 ὧν
798 2842 879 2914 αὐτὴ
909 2843 994 2917 λέγει
1020 2841 1037 2916 ἢ
1062 2850 1125 2913 τοῖς
1152 2843 1328 2923 ὑποκριταῖς

139 2940 213 3011 ὅταν
235 2947 264 3011 ἐν
288 2956 359 3020 ταῖς
384 2947 571 3028 τραγῳδίαις
595 2947 753 3023 οίλλίλους
778 2946 822 3012 τοὶ
846 2945 973 3028 ἔσχατα
997 2945 1147 3026 adpotum

183 3156 262 3248 Pag.
291 3156 386 3224 1680.
420 3158 513 3239 τοίχα
544 3159 601 3236 μὲν
635 3157 717 3248 [καί]
754 3157 805 3224 δια
828 3159 862 3222 τὸ
887 3195 930 3208 -
955 3155 1047 3240 τοίχα
1071 3157 1102 3224 δὲ
1127 3159 1179 3225 καὶ
1205 3160 1255 3224 διὰ
1279 3157 1331 3223 τὸν

139 3265 254 3350 φθίνον.
301 3265 478 3331 Molestum
502 3269 591 3351 prius
615 3266 669 3332 καί
692 3266 898 3332 resecandum
922 3270 980 3331 est.

184 3480 264 3567 Peg.
290 3478 389 3545 1680.
413 3472 435 3544 ol
460 3479 512 3544 δια
535 3468 658 3543 πολλῶν
682 3479 851 3555 ἐκτίσαντο
876 3486 1071 3554 ποΛΕΜιον,
1096 3480 1258 3545 imovero
1279 3474 1334 3542 πί·

139 3595 228 3665 Νυν,
252 3589 354 3652 medis
376 3603 554 3652 mosmos
578 3586 729 3672 quaesito,
754 3607 816 3652 non
840 3587 935 3651 betta.
971 3586 1044 3652 Non
1068 3590 1117 3651 est
1138 3585 1217 3651 haec
1239 3583 1335 3648 infre·

141 3715 255 3778 quens,
280 3700 318 3759 ut
341 3714 437 3780 supra
458 3694 619 3777 vidimus,
645 3693 730 3778 apud
753 3692 948 3779 Dionysium
969 3695 1121 3758 conlusio.
1170 3691 1269 3756 Recte
1287 3709 1334 3761 so·

142 3803 252 3885 quitur
274 3803 427 3871 Λατίνους
451 3799 522 3872 τοὺς
545 3803 590 3879 μὴ
615 3797 884 3880 παραγενομένους
907 3808 969 3873 τοῖς
995 3799 1152 3879 πολέμοις.

118 4027 121 4033 “
186 4011 266 4100 Pag.
293 4010 392 4078 1682.
417 4020 553 4093 κρεῖττον
567 4050 608 4063 -
621 4012 717 4093 μικροὶ
737 4014 890 4091 λαβοῦσιν
909 4016 1075 4084 ὈΜΟΙιος
1096 4009 1181 4094 ἔχειν
1198 4011 1214 4088 ἢ
1229 4012 1334 4078 πολλοὶ

141 4117 304 4185 ἐλπίσασιν
330 4120 475 4184 οίποίνταν
499 4120 681 4200 οίποτνχεῖν.
729 4119 820 4200 Quod
844 4119 1040 4184 conieceram
1063 4127 1223 4192 ΒΕΒΑΙονς
1248 4117 1334 4199 ἔχειν

142 4224 314 4292 aReiskio
338 4231 528 4312 occupatum
552 4247 637 4291 nunc
662 4227 763 4292 video.
798 4225 946 4297 Poterat,
972 4224 1082 4308 credo,
1105 4228 1221 4311 recipi,
1246 4247 1335 4292 nam·

142 4353 202 4417 que
226 4333 333 4410 ὁμοίως
354 4331 439 4413 ἔχειν
462 4332 546 4397 nihil
569 4338 628 4399 est.
678 4331 837 4397 Similiter
860 4332 943 4396 dixit
964 4350 1040 4419 pag.
1067 4327 1165 4395 2261.
1192 4326 1229 4403 ὧν
1254 4333 1336 4404 οὐδὲν

142 4440 214 4519 ὑμῖν
235 4437 316 4520 ἕξεσι
340 4438 484 4519 βεβαίας
509 4436 608 4525 ἔχειν.
