3076 5004
537 1345 956 1439 PRAEFATIO.

620 1673 882 1718 *ᾖδε-κ

195 1952 342 2042 Triginta
372 1953 446 2020 anni
478 1957 554 2018 sunt
583 1956 616 2019 et
646 1951 786 2038 amplius
817 1972 856 2018 ex
880 1971 942 2037 quo
965 1951 1112 2039 Dionysii
1133 1951 1336 2019 Halicarnas-

147 2076 248 2140 seneis
265 2073 362 2140 libros
385 2072 548 2139 Historiae
569 2074 776 2159 potissimum
799 2078 832 2138 et
854 2073 1094 2158 Antiquitatum
1117 2071 1335 2139 Romanarum

84 2225 88 2232 ·
147 2214 244 2260 eausa
267 2193 446 2292 diligenter
462 2193 606 2259 leotitare
629 2193 731 2278 coepi.
775 2191 936 2278 Principio
956 2194 1032 2278 quia
1050 2211 1138 2259 eram
1160 2212 1335 2279 paueorum

145 2313 303 2380 librorum
322 2334 379 2400 por
398 2334 496 2380 annos
515 2311 749 2399 complusculos
766 2310 983 2400 Sylburgiana
1001 2313 1140 2379 editione
1154 2334 1232 2379 usus
1246 2334 1334 2392 sum,

145 2437 238 2500 euius
266 2438 429 2522 margines
459 2435 549 2499 omni
572 2453 683 2515 genere
705 2433 946 2497 annotationum
967 2433 1094 2499 assidua
1115 2432 1251 2501 loetione
1274 2437 1336 2500 im·

143 2558 242 2640 plevi.
288 2554 411 2620 Deinde
440 2553 647 2619 Reiskianam
677 2556 789 2618 neotus
818 2552 888 2618 vidi
921 2552 1037 2617 bonam
1066 2558 1191 2638 partem
1223 2576 1334 2621 eorum

144 2695 226 2760 quae
248 2696 444 2742 correxeram
468 2675 592 2740 dudum
615 2679 673 2740 aut
695 2695 733 2739 ex
757 2675 878 2760 optimo
902 2669 1018 2739 (lodice
1041 2672 1195 2740 Urbinate
1215 2695 1281 2742 esse
1299 2679 1334 2742 in

142 2797 309 2884 integrum
331 2798 514 2863 restitutam
538 2800 595 2859 aut
617 2795 656 2859 ab
680 2792 753 2859 aliis
775 2795 961 2878 praesertim
986 2795 1025 2859 ab
1049 2793 1179 2860 Reiskio
1202 2816 1334 2883 oeeupa·

142 2921 221 2981 tam.
268 2916 384 2982 Postea
412 2916 468 2981 diu
492 2922 524 2981 et
546 2912 688 2979 multum
712 2912 920 2979 Reiskienom
943 2916 977 2978 in
999 2934 1109 2981 omnes
1131 2921 1236 3001 pantes
1259 2938 1332 2984 ver-

142 3040 231 3122 savi,
262 3037 359 3104 donee
390 3040 425 3102 in
452 3035 558 3101 lucem
581 3034 701 3122 prodiit
724 3033 980 3122 Kiesslingiana,
1004 3037 1038 3099 in
1061 3056 1124 3121 qua
1145 3057 1208 3102 non
1230 3056 1332 3124 panea

141 3178 253 3225 eornm
276 3178 356 3242 quae
377 3154 572 3242 permultos
593 3174 690 3221 annos
708 3155 952 3222 emendaveram
971 3161 1003 3221 ot
1022 3155 1159 3222 aliorum
1178 3163 1211 3223 et
1229 3160 1331 3244 ipsius

139 3275 331 3363 Kiesslingii
362 3277 490 3364 ingenio
513 3281 545 3340 ot
569 3274 712 3340 doetrina
734 3275 801 3339 iam
822 3275 948 3360 pridem
971 3275 1054 3339 mihi
1076 3281 1241 3361 praerepta
1264 3298 1330 3344 osso

140 3400 287 3486 cognovi.
334 3393 513 3463 Consilium
536 3400 604 3461 erat
626 3397 735 3460 omnia
756 3415 837 3480 quae
860 3400 964 3461 essent
985 3395 1108 3480 reliqua
1128 3397 1237 3463 ordine
1259 3419 1330 3483 por·

139 3518 277 3583 soribere
306 3521 339 3582 ot
369 3535 406 3581 oa
436 3520 637 3596 Masaesyliae
664 3516 818 3594 inserere,
843 3516 897 3582 sed
921 3536 1021 3601 quum
1044 3517 1128 3581 mihi
1149 3519 1234 3583 inter
1255 3520 1332 3584 sari·

138 3636 281 3703 bendum
311 3637 461 3702 materies
486 3634 658 3722 paullatim
680 3638 715 3700 in
737 3637 891 3702 maiorem
914 3635 1034 3702 molem
1056 3639 1263 3716 excrevisset,
1288 3658 1328 3704 ne

138 3757 217 3823 haee
247 3759 383 3842 ourptim
412 3755 613 3842 dispeseondo
645 3758 751 3821 resin
773 3756 940 3821 biennium
966 3755 1201 3842 extraheretur,
1224 3756 1328 3823 malui

138 3880 247 3943 omnia
276 3876 373 3942 simul
402 3878 534 3942 seorsim
565 3877 599 3940 in
628 3874 736 3941 luoem
768 3875 858 3941 edero
890 3879 922 3941 et
953 3876 998 3940 sio
1020 3874 1081 3941 hae
1108 3880 1328 3942 obseruationes

141 4003 268 4062 Ouitiooe
289 4008 319 4061 et
340 4000 601 4081 Palaeoyroplieae
622 4002 715 4064 natae
738 4001 823 4064 sunt.

182 4250 231 4318 De
260 4250 414 4339 Dionysio
445 4252 534 4319 varia
563 4256 638 4317 sunt
667 4251 787 4318 iudicia
818 4269 947 4330 eorum,
980 4252 1095 4337 quibus
1126 4250 1164 4322 de
1198 4252 1258 4319 hue
1291 4275 1326 4323 re

135 4374 329 4440 sententiam
355 4373 459 4440 dicero
481 4371 573 4452 huet,
599 4373 632 4438 id
656 4378 704 4439 est
728 4393 854 4452 eorum,
879 4375 936 4458 qui
957 4374 991 4437 in
1015 4370 1169 4460 Dionysio
1191 4373 1325 4463 legendo
