3076 5004
731 304 772 373 91

205 491 285 580 Pag.
316 489 393 556 813.
426 491 598 572 ἐλέχθησαν
623 494 731 558 πολλοὶ
758 491 840 579 [καί]
865 493 952 574 παρὰ
976 498 1097 559 πολλῶν
1119 492 1219 573 λίγοι.
1267 493 1346 561 Dela

157 597 307 685 copulam
326 618 423 683 quem
441 599 476 662 in
496 598 554 663 teli
574 619 607 664 re
619 619 714 664 nemo
725 599 860 664 addebat
869 619 877 678 ;
891 600 979 664 multi
989 603 1083 665 multa
1095 602 1344 688 onbaseccroat.

206 806 287 893 Peg.
312 804 389 871 824.
415 805 544 878 ἀποίσας
568 804 727 882 διεξῆλθον
752 807 789 874 ἀν
813 810 873 883 τοδς
894 814 947 875 τοῦ
970 808 1346 897 repercussiones,

159 912 214 989 ἐφ’
238 907 286 984 αἷς
310 914 371 994 οὐχ
394 910 484 988 ἀπαξ
504 912 592 977 ἀλλά
614 912 765 986 πολλάκις
788 914 846 1000 [εἴη
867 912 985 1000 ἀποισι]
1005 915 1119 989 δίκαιος
1139 915 1345 983 ἀπολωλέναι.

157 1016 295 1083 Urbinas
337 1017 383 1094 είς
423 1020 546 1084 omittit
580 1021 773 1105 rectissime,
809 1021 864 1085 sed
899 1022 1010 1087 eadem
1043 1043 1138 1107 opera
1170 1022 1344 1105 molestum

158 1119 277 1189 ἀπασιν
312 1128 379 1190 erat
412 1124 638 1190 inducendum.
698 1124 891 1211 Frequenter
923 1127 1008 1212 apud
1043 1127 1188 1195 Oratores
1221 1131 1346 1194 Atticos

157 1227 296 1317 legitur:
321 1230 372 1314 ἐφ’
395 1225 437 1303 οἷς
461 1231 522 1312 οὐχ
546 1227 637 1307 ἀπαξ
660 1231 749 1296 ἀλλά
773 1230 925 1306 πολλάκις
951 1232 1065 1308 δίκαιος
1088 1233 1296 1301 ἀπολωλέναι.

204 1437 284 1528 Peg.
316 1437 393 1506 825.
424 1439 467 1505 τοδ
499 1438 617 1519 μέγιςα
650 1438 702 1505 καί
734 1441 942 1541 Φανεροίτατα
969 1439 1264 1524 reciprocatus
1290 1442 1342 1508 καί

159 1546 333 1624 ἀπολογίας
358 1545 501 1622 οὐδεμιάς
525 1544 680 1624 δννοίμενα
703 1554 813 1626 τυχεῖν
837 1545 928 1611 ταῦθ’
955 1547 1038 1624 ὑμάς
1061 1548 1239 1625 ἀναμνήσω.
1285 1547 1346 1613 Ur·

155 1652 247 1718 binas
276 1651 329 1716 καί
365 1653 462 1716 OTA’
492 1651 667 1727 ἀπολογίας
699 1652 862 1729 οὐδεμιᾶς,
895 1653 979 1737 quod
1004 1673 1117 1719 verum
1141 1658 1189 1718 est
1212 1658 1244 1719 et
1266 1655 1344 1719 reci-

155 1758 326 1844 piendum,
348 1763 385 1823 ut
404 1778 476 1846 pag.
500 1755 577 1824 976.
599 1754 656 1825 ὥτε
674 1757 751 1837 μηδὲ
769 1758 946 1838 ἀπολογίαν
967 1761 1071 1830 αὐτοῖς
1095 1758 1341 1825 καταλείπεσθαι

157 1862 315 1944 οὐδεμίαν.

203 2073 282 2163 Pag.
319 2072 396 2142 827.
436 2073 504 2155 πρίν
539 2075 556 2152 ἢ
592 2075 739 2148 πενίιῑσαι
776 2073 827 2141 καί
865 2074 908 2141 rai
948 2073 1130 2157 νομιζόμενα
1148 2112 1190 2125 -
1207 2083 1341 2152 ποιῆσαι.

157 2181 328 2248 Aeschines
350 2181 384 2246 ν’νι
410 2181 535 2265 Cieoph.
560 2202 634 2269 pag.
660 2179 713 2245 64.
740 2179 795 2248 38.

173 2352 175 2357 Ι
201 2387 283 2480 Pag.
308 2388 384 2457 827.
409 2385 458 2463 οὓς
483 2389 685 2469 διαδέξεσθαι
710 2390 795 2469 μετά
819 2390 874 2464 τίιν
898 2392 1045 2466 τελευτὴν
1068 2389 1211 2467 ἔμελλεν.
1254 2391 1345 2458 Libri

157 2495 379 2581 διαδίξΑσίαι,
404 2497 488 2581 quod
510 2519 594 2562 nunc
617 2498 747 2582 quidem
769 2495 920 2562 Reiskins
943 2517 1005 2562 non
1028 2496 1121 2572 tulit,
1146 2499 1202 2581 qui
1231 2496 1345 2564 multis

158 2602 245 2669 aliis*
259 2602 338 2670 loeis
368 2603 456 2668 idem
486 2604 640 2668 mendum
670 2602 800 2689 perinde
831 2608 952 2667 certum
977 2607 1009 2667 et
1033 2602 1163 2668 evidens
1186 2604 1344 2668 intactum

158 2706 306 2795 reliquit,
329 2711 365 2774 in
388 2729 450 2794 qua
471 2729 506 2774 re
528 2708 640 2774 Editor
662 2730 737 2775 eum
761 2711 850 2794 sequi
873 2708 969 2786 solet,
993 2712 1031 2810 nt
1052 2728 1126 2794 pag.
1152 2706 1227 2774 744.
1256 2709 1344 2774 ἐλπί·

76 2827 79 2830 ’
159 2837 269 2888 σαντες
294 2813 518 2881 διαλύσΑσίαι.

204 3026 284 3114 Peg.
309 3024 386 3092 828.
411 3026 609 3109 ἀφανισμοὺς
633 3032 692 3092 τῶν
711 3049 747 3091 τε
771 3024 903 3105 νομίμων
928 3024 980 3089 καί
1005 3031 1062 3090 τῶν
1084 3026 1162 3091 ε’ίῶν.
1209 3024 1346 3090 Urbinas

159 3137 217 3198 τῶν
241 3132 426 3224 γενομέναν,
451 3135 485 3196 in
508 3153 570 3219 qno
593 3132 672 3198 latet
695 3137 753 3198 τῶν
776 3140 834 3197 Te
858 3130 995 3208 νίμΩΝ.
1043 3129 1176 3217 Saepius
1198 3134 1232 3197 in
1255 3131 1346 3197 libris

157 3235 382 3306 Demosthenis
404 3240 473 3306 vidi
496 3238 657 3318 γενόμενος
680 3258 737 3330 pro
759 3262 799 3316 νε
821 3235 919 3315 νίμος.
955 3236 1098 3302 Uncinns
1117 3241 1151 3302 in
1169 3232 1346 3326 participiis

157 3342 269 3411 literae
291 3369 317 3424 μ
341 3346 512 3412 adhaerens
536 3349 568 3411 et
591 3370 622 3411 εν
646 3342 827 3431 significans
847 3343 965 3409 scribes
990 3343 1115 3409 fefellit.

205 3557 284 3646 Peg.
318 3555 396 3623 831.
427 3557 485 3636 ἀψὲ
517 3554 688 3638 ἀρξάμενος
718 3555 840 3636 πονκρδς
865 3550 942 3620 εἶναι
969 3558 1075 3619 πάσαν
1101 3553 1246 3640 (ἀκριβῶς
1270 3551 1347 3629 διεξ·

161 3662 274 3745 νίλασε)
298 3663 359 3737 1τίςν
388 3662 564 3744 τυραννικὴν
604 3662 728 3729 κακίαν.
787 3660 924 3726 Urbinas
958 3664 1065 3727 σάσαν
1096 3660 1264 3743 ἀκριβοῖ
1291 3661 1347 3736 τὴν

159 3769 336 3852 τυραννικὴν
366 3770 490 3834 κακίαν.
535 3768 667 3834 Praeter
693 3766 789 3833 fidem
814 3763 939 3832 Codicis
963 3768 1071 3852 ipsum
1093 3787 1205 3852 perse
1228 3771 1347 3852 specta-

160 3881 233 3941 tum
264 3876 389 3957 ἀκριβοῖ
416 3875 521 3940 multo
553 3874 670 3939 melius
701 3878 733 3939 et
765 3874 869 3939 acrius
898 3876 956 3938 est.
1003 3871 1041 3936 In
1063 3875 1208 3960 margine
1231 3873 1348 3956 scripta
1429 3867 1431 3872 ’

160 3982 378 4067 interpretatio
401 3983 491 4048 verbi
515 3983 642 4046 rarioris
662 4001 772 4048 veram
794 3978 966 4045 lectionem
991 3977 1124 4063 expulit.

205 4191 411 4262 Inserendum
435 4198 482 4260 est
505 4193 561 4272 μίν
585 4213 657 4280 pag.
684 4187 760 4257 835.
783 4192 819 4256 in
842 4190 966 4258 verbis:
988 4185 1115 4268 αίσχςίν
1135 4211 1170 4252 τε
1193 4185 1346 4253 Οὐολοάσ-
1471 4174 1473 4179 ’

163 4324 221 4367 κων
254 4299 512 4389 (μὲν)-ἀςχειν
543 4298 664 4384 ἀξιοῦν,
700 4298 812 4371 αὐτοὺς
844 4297 874 4363 δὲ
906 4296 1103 4369 δουλεύοντας
1134 4294 1242 4375 ἑτέροις
1277 4294 1347 4360 ὑπο-

163 4408 272 4490 μένειν.
1116 4409 1122 4419 ’
