3076 5004
682 288 724 370 11

101 493 371 573 Πελοποννησίοισι
384 533 426 546 -
440 494 531 564 θντΙα
563 493 661 562 έθεντο
690 495 733 562 τοὶ
763 491 869 573 ὅπλα,
904 498 936 561 et
965 492 1195 563 Demosthenes
1222 515 1295 583 pag.

104 603 183 670 624.
218 602 272 671 15.
303 600 374 669 οὔτε
406 603 469 685 γαρ
504 601 636 685 ὑμετέρῳ
661 604 808 685 sparnaci
832 601 956 666 ἐναντία
981 603 1122 678 θήσεσθαι
1147 603 1190 668 τοὶ
1213 600 1299 666 ὅπλα

104 709 240 790 ἔμελλεν
272 711 287 776 ο·
318 709 441 792 Βιάνωρ.
488 711 609 778 Eodem
640 711 735 777 modo
755 697 881 776 locutus
902 715 969 775 erat
992 710 1152 776 Luciacus
1175 712 1209 774 in
1233 709 1301 774 Νοι-

103 817 185 899 cipio
207 839 260 882 eeu
289 817 372 882 Votis
394 838 461 904 cap.
487 816 541 883 32.
568 819 624 882 ubi
646 818 769 884 editur:
793 817 887 889 οὐδεὶς
912 817 976 897 γὰρ
1001 818 1014 881 θ
1043 813 1296 893 ἐναντιωθησόμε-

105 946 165 1017 νος.
179 924 251 1001 ἡμῖν
274 923 317 989 τοὶ
337 921 432 989 ὅπλα.
469 921 675 989 Correxeram
694 927 728 988 in
756 924 939 989 Varcdcctt.
960 944 1034 1011 pag.
1058 923 1112 989 83.
1135 925 1148 988 i
1169 924 1297 988 ἐναντία

107 1029 270 1108 θνοθμενοι
294 1031 368 1107 ἡμῖν
390 1031 432 1095 τὰ
456 1026 559 1105 ὅπλα,
585 1031 639 1096 sed
663 1035 772 1096 actum
796 1031 942 1119 agebam.
991 1030 1123 1095 Dudum
1149 1031 1235 1095 enim
1255 1031 1300 1096 sio

106 1139 285 1202 correxerat
313 1136 459 1202 Dindorf.
491 1137 531 1204 ad
560 1135 615 1204 Su.
649 1136 709 1204 Ta.
741 1138 865 1223 Appius
888 1137 991 1223 igitur
1015 1144 1180 1202 censuerat
1200 1143 1234 1200 αθ
1257 1137 1299 1200 cd

108 1265 194 1307 οννιιιι
216 1250 392 1308 vocarentur
414 1264 511 1308 omnes
533 1243 586 1330 qui
609 1266 698 1328 remp.
721 1245 834 1309 solcum
860 1243 982 1328 vellent,
1008 1249 1036 1308 et
1060 1242 1088 1309 α’
1109 1243 1162 1333 qui
1185 1244 1301 1310 armati

109 1349 297 1419 obsisterent
318 1350 445 1416 θοιθίιιιιι
467 1372 587 1417 camno
609 1351 766 1418 θοθιιιθοι.

418 1596 561 1676 Περιοροῖν
574 1631 615 1643 -
630 1593 776 1676 ὑπεροροῖν
789 1629 829 1642 -·
845 1595 989 1675 παρορῖιν.

155 1771 192 1837 In
221 1771 371 1860 Dionysii
400 1772 507 1849 libris,
538 1778 576 1839 ut
608 1776 642 1840 in
676 1773 825 1840 omnibus
861 1773 1055 1859 reliquorum
1090 1775 1299 1861 scriptorum,

110 1881 231 1964 passim
262 1884 424 1966 perinepta
455 1902 494 1946 ex
526 1883 666 1967 antiquis
696 1879 891 1967 compendiis
916 1882 985 1962 περί
1008 1886 1040 1948 et
1065 1880 1151 1961 ταρθ
1176 1882 1303 1947 confun-

111 1988 232 2053 duntur
261 1990 359 2052 etiam
382 1985 572 2074 [saepissime
602 1991 685 2054 inter
715 2010 782 2055 seso
811 1988 882 2069 τερθ
905 1994 937 2053 et
961 1986 1044 2070 ὑπέρ.
1092 1988 1221 2054 Habent
1244 1988 1304 2053 hoo

111 2094 271 2178 aequiores
294 2098 332 2158 ut
355 2091 428 2174 ὑπέρ
452 2100 571 2179 ponant
592 2094 702 2161 eodem
726 2116 820 2161 sensu
844 2115 906 2180 quo
930 2100 1052 2162 veteres
1077 2094 1146 2176 τερέ
1173 2114 1304 2179 usurpa·

108 2201 206 2277 bant,
238 2199 293 2264 sed
324 2219 388 2264 non
418 2206 537 2266 contra.
586 2201 658 2266 Nou
690 2203 798 2267 minus
824 2204 969 2286 ineptum
994 2207 1042 2267 est
1064 2201 1178 2267 Latine
1201 2201 1304 2266 dicere

109 2324 153 2370 mr
178 2305 288 2390 patrio
317 2306 392 2370 mori
422 2311 479 2373 aut
509 2308 583 2371 mori
612 2326 654 2373 mr
685 2310 822 2372 libertate
853 2329 950 2394 quam
983 2307 1102 2375 Graece
1128 2318 1223 2374 ΠΕΡΙ
1248 2313 1303 2380 τῆς

110 2411 258 2493 πατρίδος
292 2417 349 2478 aut
379 2421 475 2478 ΠΕΡΙ
500 2421 554 2488 τῆς
579 2413 749 2494 ἐλευθερίας
774 2415 948 2480 ἀποθανεῖν.
995 2413 1304 2498 Frequentissimum

109 2523 159 2584 est
188 2520 223 2583 in
251 2517 344 2584 libris
372 2517 432 2583 hoc
455 2520 592 2596 vitium,
618 2519 672 2584 ead
696 2521 815 2587 vitium
838 2525 956 2585 tamen.
1003 2520 1123 2584 Eadem
1148 2519 1186 2585 de
1211 2541 1305 2585 causa

109 2627 144 2691 in
167 2625 273 2691 verbis
296 2627 479 2710 compositis
503 2631 635 2691 erratur.
682 2626 798 2691 Editur
821 2646 894 2713 pag.
920 2623 985 2690 009
1010 2629 1049 2695 ὡς
1074 2631 1160 2705 σφῶν
1184 2649 1223 2703 με
1244 2626 1305 2705 οὐχ

113 2729 390 2812 ’ΤΠΕΡοψομένων
416 2739 581 2810 συγγενεῖς
607 2732 657 2797 καὶ
684 2732 794 2813 φίλους
819 2731 1045 2811 ἀφαιρεθέντας
1070 2733 1124 2807 τὴν
1148 2730 1304 2812 πατρίδα,

112 2843 145 2903 et
166 2859 241 2927 pag.
268 2836 341 2903 595.
369 2841 409 2918 τῷ
435 2837 519 2918 δήμῳ
544 2840 693 2921 παρῄνουν
717 2840 761 2918 μὴ
783 2842 938 2919 ΠΑΡοροῖν
962 2837 1059 2918 ἄνδρα
1081 2837 1189 2919 μιαρὸν
1219 2839 1305 2918 ἱεροῖο

113 2942 322 3027 προσφέροντα
355 2943 413 3018 τοὶς
446 2952 577 3025 χεῖρας,
612 2950 644 3012 et
675 2967 749 3033 pag.
774 2944 875 3011 2011.
899 2944 1057 3024 μηδεμίαν
1082 2945 1231 3010 πονεῖσθαι
1256 2943 1307 3025 ζθ·

115 3156 330 3235 οννιςοθμενον,
363 3163 395 3223 et
417 3179 491 3245 pag.
518 3157 619 3224 2080.
646 3158 919 3245 (tribuniplebis)
945 3158 1059 3223 ἐδέοντο
1084 3158 1156 3238 μήθ’
1180 3158 1306 3231 ἑαυτοὺς

114 3264 156 3327 τοὶ
180 3272 339 3332 ΑΙΟΧΙςα
363 3262 553 3336 πεπονθότας
579 3265 772 3330 'oneratae
796 3267 877 3342 μήτε
902 3267 952 3331 τὸν
978 3265 1071 3342 δῆμον
1096 3265 1305 3346 ἀφαιρεθέντα

115 3371 167 3445 τὴν
200 3367 234 3446 ἐξ
264 3371 363 3435 αὐτῶν
390 3369 544 3448 βοήθειαν.
591 3370 663 3436 Non
687 3376 735 3436 est
758 3370 826 3436 ulla
849 3374 1063 3437 controversia
1087 3375 1163 3456 quin
1186 3371 1307 3459 Diony-

114 3478 179 3542 sius
214 3478 374 3562 scripserit
407 3479 482 3558 οὐχι
518 3477 770 3559 ΠΕΡΙοψομὲνιιν
807 3482 839 3542 et
871 3479 915 3555 μὴ
947 3482 1115 3559 ΠΕΡΙορῖιι
1148 3484 1180 3544 et
1211 3480 1305 3544 dard
1364 3481 1365 3485 ’

115 3584 286 3649 ΠΕΡΙιδεῖν
318 3589 351 3648 et
382 3583 424 3647 τα
454 3585 624 3649 ἝίΧΑτα
656 3582 846 3656 πεπονθότας
872 3586 1059 3650 derideo.
1088 3586 1163 3669 quia
1179 3584 1251 3669 poti
1276 3591 1307 3651 et

114 3690 210 3755 ιιίιοτο
232 3693 410 3756 constanter
432 3694 570 3771 τεριορῖιν
596 3692 714 3756 dicitur
729 3696 761 3757 ot
781 3690 865 3776 apud
882 3689 1021 3776 reliquos
1041 3711 1151 3755 omnes
1171 3695 1203 3755 et
1223 3690 1307 3775 apud

115 3795 307 3884 Dionysium
329 3795 408 3862 locis
431 3797 728 3862 innumerabilibus.

159 3907 303 3984 Περιορθν
335 3904 385 3988 (ut
416 3903 499 3988 θρθν)
531 3925 606 3969 cum
637 3905 815 3990 participiis
849 3905 1051 3989 componitur
1084 3905 1306 3988 praeterquam

116 4009 200 4096 apud
223 4007 463 4096 Thucydidem,
489 4013 545 4094 qui
567 4011 610 4075 τοὶ
634 4008 904 4090 κατημαξευμένα
929 4012 1035 4076 vitans
1060 4010 1186 4094 saepius
1209 4010 1306 4077 verbo

116 4118 253 4197 περιορᾶν
275 4113 474 4184 infinitivum
498 4114 597 4182 addit.
632 4115 703 4183 Hoc
727 4137 850 4203 quoque
872 4136 1113 4201 nonnumquam
1132 4113 1306 4203 Dionysius

115 4224 263 4288 imitatur
281 4226 320 4288 ut
338 4243 413 4310 pag.
440 4222 537 4288 1058.
557 4224 706 4302 γαμετὰς
727 4231 880 4302 γυναῖκας
895 4224 927 4287 οὐ
941 4221 1151 4304 περιοψόμενοι
1166 4224 1305 4287 παθΕΙΝ

115 4327 184 4410 πρὸς
212 4327 324 4408 ἐχθρῶν
348 4328 501 4416 θνθιιεςα,
526 4334 558 4395 et
581 4350 654 4417 pag.
682 4329 780 4394 1895.
805 4329 839 4394 οὐ
863 4329 923 4407 μὴν
948 4329 961 4394 ὃ
982 4328 1077 4407 δῆμθς
1097 4351 1137 4406 με
1159 4327 1305 4411 ἠνέσχετο

116 4436 186 4502 οὐδὲ·
213 4433 359 4518 περιεῖδεν
394 4434 463 4522 [τὴν
495 4432 596 4521 ὕβριν]
628 4433 738 4516 ἄτιμον
769 4436 955 4516 ἐκβληθῆναι
986 4434 1021 4500 τὸ
1046 4439 1145 4514 σῶμα.
1194 4435 1308 4505 Editor
