3076 5004
741 268 808 344 204

224 459 306 555 Pag.
341 465 441 534 2173.
472 464 712 537 συντελέσαντες
735 464 794 530 ὅσα
818 467 903 532 κατα
927 473 992 534 νοῦν
1017 467 1143 551 ἔχομεν.
1190 468 1286 555 Apud
1309 458 1373 534 Ve-

181 582 263 641 teres
286 573 371 639 κατα
397 576 461 637 νοῦν
485 575 518 636 et
541 572 626 636 κατα
650 569 774 650 γνώμην
798 592 923 659 semper
945 572 1105 661 significat
1130 598 1165 639 οοο
1188 576 1284 639 σααινό
1305 597 1373 639 σοον

180 682 276 746 tectio
307 683 339 745 et
371 680 545 744 sexcenties
576 681 661 743 κατα
693 682 759 743 νοῦν
789 687 900 760 χωρεῖν
929 680 1013 764 apud
1034 680 1227 769 Dionysium
1251 681 1373 747 dicitur

179 809 236 874 pro
267 810 302 850 cc
332 786 426 849 ocimi
455 790 601 850 sententie
632 787 732 850 cedere
763 790 819 851 aut
847 788 1007 852 succedere.
1056 789 1150 853 Κατα
1182 793 1248 853 νοῦν
1284 787 1372 868 ἔχειν

180 900 289 960 antem
320 892 482 961 veteribus
513 897 560 957 est
589 892 783 959 inauditum.
831 893 987 959 Dicebant
1019 893 1048 958 ἐν
1078 896 1114 976 νῷ
1139 893 1224 975 ἔχειν
1246 901 1285 960 ut
1308 895 1373 960 Ro-

180 1003 268 1066 mani
299 1000 333 1063 οόν
364 999 461 1062 animo
483 999 606 1076 debere,
630 1002 669 1063 nt
691 1001 758 1063 iam
781 1021 876 1084 snpra
898 1002 934 1064 in
957 1000 1060 1066 simili
1083 1001 1152 1068 loco
1174 1004 1372 1077 notavimus.

225 1212 305 1298 Pag.
337 1207 437 1275 2176.
467 1205 584 1283 ἥξουσιν
607 1209 646 1280 ὡς
671 1209 753 1285 ὑμᾶς
768 1210 880 1282 -τοὶς
909 1235 943 1274 τε
967 1209 1102 1290 βλάβας
1126 1213 1209 1252 *²¹¹³*
1234 1210 1373 1290 θυόμενον

180 1318 231 1383 καὶ
266 1310 332 1397 περὶ
365 1315 547 1390 διαλλαγῶν
581 1312 799 1392 διαλεξόμενοι.
847 1314 934 1380 Olim
965 1317 1062 1383 fuisse
1086 1320 1227 1404 suspicor
1250 1316 1311 1388 τοὶς
1336 1342 1373 1382 τε

179 1422 315 1504 βλάβας
347 1419 580 1507 (ε’ξακ)ούμεννι.
630 1421 749 1484 Sacca‘re
778 1422 914 1485 dcmcwm
928 1434 931 1439 ’
946 1422 1009 1487 dici
1037 1423 1117 1489 solet
1148 1425 1203 1499 τὴν
1238 1423 1374 1502 βλάβην

180 1532 320 1599 οἰκεῖσθαι
352 1526 404 1595 vel
434 1525 628 1603 ἐξακεῖσθαι,
661 1530 693 1591 et
713 1529 862 1612 fcturum
893 1532 940 1592 est
964 1528 1107 1594 eiusdem
1130 1529 1251 1595 formae
1274 1535 1372 1615 atque

175 1659 316 1724 ροαοεονοε
338 1640 465 1717 tempus
487 1636 526 1696 ut
550 1637 726 1709 καλοῦμαι,
752 1639 939 1711 γαμοῦμαι,
964 1641 1127 1713 τελοῦμαι.
1175 1635 1373 1704 Deleverunt

178 1747 236 1811 has
258 1744 382 1808 Atticas
406 1740 523 1805 formos
548 1739 633 1824 apud
654 1739 847 1826 Dionysium
867 1741 1003 1818 scribae,
1027 1742 1081 1807 sed
1100 1748 1223 1810 veteres
1243 1763 1371 1829 corrup-

178 1850 261 1918 telas
292 1845 428 1913 fideliter
457 1847 546 1909 intus
575 1849 702 1911 servant
732 1845 864 1931 probam
896 1850 928 1911 et
959 1850 1123 1932 antiquam
1155 1840 1303 1913 formam.
1329 1848 1371 1914 cf.

105 1967 107 1970 '
178 1958 254 2022 Νου.
280 1955 375 2018 Lectt.
398 1970 472 2038 pag.
498 1949 552 2015 63.
818 2040 820 2045 .

223 2059 419 2137 Ἐξααεῖσθαι
442 2058 477 2120 in
500 2055 603 2122 simili
626 2062 816 2145 argumento
839 2061 946 2144 posuit
968 2080 1043 2146 pag.
1067 2058 1143 2126 205.

223 2269 303 2358 Pag.
328 2266 428 2334 2180.
453 2268 600 2332 addictis
624 2266 790 2347 πατρικίων
814 2268 922 2333 πολλοὶ
946 2270 1005 2342 τὰς
1030 2269 1102 2333 κατ’
1126 2266 1186 2336 ἄεν
1210 2273 1370 2336 ποιοῦνται

176 2375 351 2459 διατριβάς.
397 2377 516 2459 Aperte
549 2377 666 2440 vitiosa
697 2378 744 2439 est
774 2374 852 2439 haec
885 2376 1055 2442 verborum
1090 2376 1255 2461 dispositio
1289 2395 1368 2461 pro:

177 2485 284 2550 πολλοὶ
317 2484 389 2548 κατ’
421 2477 481 2549 dev
506 2485 661 2546 ποιοῦνται
685 2481 744 2553 τοὶς
769 2479 953 2562 διατριβάς,
976 2482 1010 2547 id
1034 2486 1082 2546 est
1105 2482 1135 2546 ἕν
1158 2481 1229 2550 dcc
1252 2482 1370 2563 διατρί-

176 2592 299 2674 βουσιν,
322 2589 427 2654 vicunt
449 2588 483 2651 ν’νο
512 2586 595 2652 Urbe.

220 2801 303 2890 Pag.
335 2797 435 2866 2181.
468 2798 568 2863 καίτοι
600 2798 679 2869 τίνος
709 2795 842 2862 ἔλαττον
875 2795 965 2862 οἴεσθ’
996 2793 1073 2862 εἶναι
1106 2806 1227 2863 κακΟΥ
1257 2796 1365 2879 πόλεις

174 2906 322 2977 Postulat
346 2903 461 2972 Graeci
483 2907 637 2969 sermonis
660 2905 742 2969 ratio
766 2909 798 2968 et
820 2908 991 2989 perpetuus
1014 2907 1205 2989 scriptorum
1228 2925 1306 2970 usus
1329 2911 1367 2971 nt

151 3023 154 3027 ’
176 3037 233 3103 pro
255 3017 352 3080 κακοῦ
376 3013 565 3077 restituatur
586 3019 731 3095 κααΟΝ,
754 3014 792 3075 ut
814 3009 922 3095 paullo
946 3014 1018 3075 ante
1040 3031 1114 3098 pag.
1139 3009 1238 3076 2167.
1263 3011 1365 3077 καίτοι

174 3123 253 3195 τίνος
278 3119 409 3185 ἔλαττον
434 3123 523 3182 τοῦτο
549 3125 692 3194 κακΟΝ;
1285 3143 1289 3148 ·

218 3333 339 3400 Iterum
375 3329 587 3394 necessarium
621 3326 678 3404 μέν
715 3324 834 3394 excidit
868 3348 940 3415 pag.
979 3326 1079 3393 2184.
1118 3327 1363 3409 φυλαττομένας

175 3440 257 3530 (μὲν)
282 3435 417 3510 ἀνοσίους
442 3431 518 3499 εἶναι
542 3432 645 3516 νόμιζε
659 3471 697 3483 -
714 3433 955 3514 καταλυομένας
979 3432 1007 3498 δ’
1032 3435 1182 3514 εὐσεβεῖς.

218 3651 298 3738 Peg.
341 3646 441 3713 2185.
484 3644 634 3733 (populus
676 3644 852 3728 Romanus)
898 3642 1185 3726 ἀντιπαρεξετάζων
1228 3647 1271 3712 τὰ
1311 3653 1362 3713 νῦν

177 3755 314 3850 [ἀγαθοὶ]
349 3760 412 3827 τοῖς
448 3750 551 3817 τάλαι
586 3754 723 3834 [κακοῖς]
758 3751 860 3817 ἐκεῖνα
895 3750 952 3827 μὲν
987 3751 1140 3829 ἡγήσεται
1173 3755 1361 3832 συγγνώμης

172 3865 266 3949 ἄξια,
290 3866 395 3928 ταῦτα
421 3859 445 3923 δ’
469 3858 608 3923 ἕταίνων.
657 3857 845 3942 Numquam
868 3859 974 3943 magis
996 3859 1098 3942 inepti
1121 3864 1309 3925 correctores
1329 3866 1362 3926 et

172 3969 411 4057 interpolatores
442 3965 492 4028 ἐτ’
528 3963 693 4046 αὐτοφώρῳ
724 3968 872 4029 tenentur
902 3984 1000 4048 quam
1030 3965 1086 4029 ubi
1109 3967 1271 4050 scriptoris
1293 3987 1362 4032 sen·

139 4149 146 4160 ,
171 4083 307 4147 tentiam
329 4094 393 4138 non
414 4075 649 4157 perspexerunt.
686 4072 809 4155 Appius
832 4070 903 4133 olim
927 4060 1048 4155 optime
1073 4070 1110 4134 de
1134 4092 1199 4155 rep.
1224 4075 1361 4138 meritus

171 4209 250 4254 οοοοο
279 4182 365 4246 tristi
395 4180 549 4244 servitute
581 4182 613 4242 et
643 4179 753 4262 iniqua
783 4176 997 4241 dominatione
1028 4178 1113 4241 cives
1151 4179 1360 4262 opprimebat.

170 4296 282 4377 Itaque
314 4287 356 4350 τα
388 4290 438 4350 νῦν
462 4284 592 4369 pessima
614 4289 689 4350 sunt
713 4287 745 4349 et
769 4284 877 4366 optimc
899 4282 941 4348 cci
965 4280 1086 4357 παλαι,
1110 4287 1142 4347 et
1164 4282 1361 4371 intelligitur

172 4418 270 4492 quom
300 4391 400 4460 stulte
430 4393 581 4460 erraverit
611 4391 668 4477 qui
700 4390 739 4456 de
770 4409 828 4455 suo
857 4388 901 4454 τοὶ
930 4391 980 4452 νῦν
1005 4389 1142 4475 [sycas]
1168 4396 1231 4463 τοῖς
1256 4389 1360 4456 παλαι
