3076 5004
735 264 801 335 224

171 482 231 529 nan
256 459 374 539 inclito,
405 460 525 546 inquit,
547 465 666 542 practer
689 457 855 523 satietatem
878 463 921 522 tot
943 456 1004 520 iam
1027 457 1115 520 libris
1138 456 1260 520 assidua
1284 453 1365 518 bella

170 593 235 634 erem
263 567 375 632 Volscis
394 573 476 648 qesta
500 566 660 648 lupentilus
683 565 765 629 illuct
786 585 900 650 quoque
921 585 1147 647 succursurum,
1177 563 1270 651 (quael
1289 559 1367 624 mili

165 672 354 760 percensenti
366 671 518 755 propiores
540 671 716 754 temporibus
735 673 839 734 larum
858 693 956 734 rerum
977 674 1109 734 auctores
1127 670 1270 733 miraculo
1281 667 1367 750 ficit)

171 782 251 844 ursle
273 778 359 843 toties
381 777 468 841 uictis
498 775 611 841 Volscis
635 782 663 840 et
685 777 796 862 Aequis
818 775 992 863 suffecerint
1011 777 1131 840 milites.
1166 775 1238 841 Non
1257 771 1367 838 hercle

172 887 290 951 iniuria
321 885 473 948 miratur:
500 881 625 948 viderat
647 884 681 945 in
705 883 874 946 Arrnalu'tns
896 882 961 947 iere
985 883 1153 967 quotannis
1175 900 1286 946 eorum
1310 899 1368 964 po·

172 991 323 1077 palorum
346 991 501 1054 exercitus
523 1007 586 1052 non
608 989 676 1054 sine
697 1009 816 1076 magna
840 994 946 1074 strage
969 986 1061 1051 fundi
1083 990 1115 1052 et
1138 986 1261 1073 fugari,
1285 1004 1367 1050 non·

173 1114 350 1180 numquam
380 1093 420 1158 ad
447 1095 695 1159 internecionem
726 1115 844 1179 usque,
877 1092 968 1159 velut
989 1091 1046 1158 111.
1071 1092 1102 1158 8.
1150 1093 1201 1157 Ibi
1230 1091 1369 1156 Volscum

174 1224 276 1266 nornen
292 1222 386 1284 prope
408 1200 534 1262 deletum
557 1206 617 1282 est,
642 1199 780 1262 tredecim
803 1199 903 1262 millia
925 1199 1155 1285 quadrinqentos
1176 1197 1369 1281 scptnapinta

175 1308 314 1372 cecidisse
336 1307 369 1369 in
393 1305 457 1369 acie
480 1328 515 1368 ac
528 1307 632 1391 supa,
654 1306 737 1370 mille
756 1307 896 1369 discentes
913 1304 1131 1390 quinquaqinta
1147 1305 1228 1369 ninas
1247 1311 1385 1388 captos„

173 1415 260 1495 siqua
280 1411 389 1494 niqinti
406 1418 513 1495 septem
532 1412 679 1475 militaria
700 1413 798 1476 relata
818 1412 851 1474 in
869 1412 1042 1496 quibusdam
1060 1411 1221 1475 annalibus
1234 1410 1368 1476 inuenio.

175 1521 294 1585 Actum
325 1539 391 1583 esse
419 1518 458 1583 de
482 1516 604 1583 Volscis
627 1523 738 1602 putes;
763 1517 818 1583 sed
842 1538 918 1583 mox
942 1539 1010 1603 cap.
1036 1517 1089 1582 10.
1136 1519 1212 1582 Ecce
1235 1515 1369 1604 (inquit)

175 1625 304 1690 Hernici
332 1623 476 1687 nuntiant
512 1623 628 1688 Volscos
657 1631 684 1688 et
715 1628 830 1709 Aequos
860 1624 916 1688 etsi
947 1625 1060 1688 accisae
1093 1647 1140 1688 res
1161 1625 1224 1689 sirit
1246 1627 1385 1708 rechere‘

176 1731 332 1795 exercitus.
378 1727 536 1793 Similiter
566 1728 619 1793 Vl.
657 1728 709 1794 12.
757 1731 867 1811 Inpens
900 1730 993 1816 (quod
1013 1731 1093 1794 inter
1115 1753 1211 1795 omncs
1232 1738 1370 1795 auctores

178 1837 325 1920 conuenit)
364 1857 537 1920 quamquam
578 1857 672 1918 nuper
707 1836 827 1900 cantuli
857 1838 947 1901 ductu
975 1843 1063 1921 atquc
1092 1836 1225 1921 euspicio
1256 1836 1371 1900 meisae

176 1965 223 2007 res
254 1948 354 2018 erant,
396 1938 563 2004 Volscorum
594 1941 741 2006 enercitus
754 1943 839 2028 fnit.
886 1942 1096 2007 Mirabundus
1109 1928 1220 2030 'igitur
1245 1945 1371 2027 quaerit

176 2048 290 2115 Liuius
324 2048 427 2124 „unde
458 2047 546 2111 toties
575 2047 662 2111 uictis
700 2047 812 2112 Volscis
843 2056 871 2113 st
903 2049 1013 2134 Aequis
1034 2048 1207 2134 suffecerint
1229 2047 1369 2114 milites.”

177 2153 235 2219 Elst
264 2172 376 2238 operae
407 2154 547 2239 pretium
578 2153 688 2218 audire
712 2154 789 2238 quid
811 2157 878 2238 ipse
899 2154 1096 2239 respondean
1124 2154 1236 2219 scribit
1260 2157 1367 2220 enim:

177 2260 257 2345 quad
284 2281 347 2322 cum
377 2260 414 2321 at
446 2258 580 2344 antiquis
602 2259 723 2322 tacitam
739 2258 981 2344 praetermissum
1002 2260 1043 2323 sit
1066 2270 1216 2344 (namque
1238 2259 1275 2323 hi
1298 2262 1370 2343 qui·

178 2365 252 2430 dem
281 2364 364 2429 nihil
395 2365 608 2451 mirabantur)
640 2366 726 2428 mains
758 2367 874 2430 tandem
906 2388 955 2447 cao
979 2366 1025 2429 rei
1040 2373 1164 2450 praeter
1187 2365 1370 2451 opinionem,

176 2494 251 2556 qnae
284 2493 340 2534 sua
368 2470 474 2555 cuique
500 2470 675 2534 coniectanti
700 2494 760 2536 esse
777 2479 890 2555 potest,
915 2479 1019 2535 auctor
1042 2471 1121 2535 sim?
1166 2470 1289 2536 Deinde
1313 2473 1370 2535 tri-

178 2577 296 2662 plicem
331 2577 491 2661 expromit
525 2579 749 2643 coniecturam.
804 2578 907 2641 Simile
940 2579 1004 2642 ceri
1038 2586 1080 2642 est
1114 2586 1167 2642 cut
1198 2578 1370 2642 interuallis

178 2685 319 2748 bellorum
344 2720 386 2732 -
410 2683 475 2746 alia
497 2689 586 2768 atquc
608 2685 674 2747 alia
693 2685 789 2748 sobole
812 2685 964 2748 iuniorum
986 2686 1029 2748 acl
1049 2686 1126 2748 bella
1150 2684 1236 2748 toties
1254 2684 1370 2747 instau-

178 2792 277 2855 randa
298 2812 366 2853 usos
389 2811 466 2854 csse:
490 2796 542 2853 ant
567 2812 625 2854 non
649 2812 685 2853 en
708 2790 811 2854 indam
833 2813 942 2874 semper
960 2791 1082 2874 populis
1106 2791 1251 2854 euerritur
1276 2775 1389 2873 scrip-¹

178 2903 238 2973 tos,
263 2933 305 2944 -
330 2901 383 2958 aut
413 2895 657 2959 innumerabilem
687 2897 907 2960 multitudinem
937 2899 1096 2960 liberorum
1119 2897 1248 2980 capilum
1271 2896 1305 2959 in
1328 2896 1371 2960 iis

169 3002 276 3087 fuisse
303 3002 383 3065 lacn.
430 3001 488 3065 Est
512 3004 611 3066 etiam
634 3000 706 3065 aliis
730 3005 918 3068 coniecturis
940 3001 1044 3085 loeus,
1068 3024 1143 3066 nam
1168 3000 1275 3066 simile
1299 3002 1368 3067 veri

179 3113 227 3172 est
258 3128 338 3192 quae
369 3106 535 3172 latrocinia
565 3107 684 3171 fuerint
714 3127 750 3171 ea
780 3095 864 3172 bella
896 3127 962 3171 csse
990 3106 1165 3192 appellata,
1191 3112 1284 3172 etex
1306 3127 1370 3172 uno

179 3212 264 3279 bello
295 3215 491 3297 victoriaque
514 3213 741 3298 decemplicem
765 3215 933 3279 materiam
957 3213 1142 3298 bellumque
1165 3210 1277 3277 fiotum
1302 3233 1370 3279 esse

179 3318 218 3383 ab
246 3320 286 3382 iis
311 3320 366 3403 qui
389 3319 559 3382 Annalibus
581 3318 754 3404 implendis
775 3322 944 3384 materiem
966 3319 1107 3404 undique
1131 3321 1368 3404 conquirerent,

178 3445 253 3489 nam
283 3427 329 3489 sic
360 3425 492 3489 demum
522 3423 665 3511 intelligi
698 3428 815 3509 poterit
847 3447 909 3511 quo
941 3434 1033 3511 pacto
1063 3427 1157 3491 rebus
1193 3428 1303 3490 accisis
1334 3445 1370 3489 ae

177 3551 273 3616 prope
297 3530 399 3595 deleto
422 3527 537 3596 Volsco
559 3533 687 3595 nomine
711 3534 823 3596 statim
847 3534 890 3596 sit
908 3553 1010 3597 novus
1029 3536 1185 3598 exercitus
1206 3532 1240 3594 in
1261 3532 1369 3596 armis.

224 3635 376 3716 Queritur
398 3632 507 3700 Cicero
531 3637 565 3699 in
581 3637 686 3700 Bruto
708 3642 783 3702 noto
807 3636 876 3702 loco
900 3640 926 3723 ξ.
955 3638 1007 3703 62.
1033 3638 1269 3703 laudationibus
1289 3657 1371 3701 mor-

179 3747 326 3817 tuorum,
360 3761 437 3826 quas
468 3740 610 3806 familiae
632 3741 756 3806 nobiles
780 3745 871 3827 quasi
895 3749 1080 3809 ornamenta
1104 3765 1139 3808 ao
1163 3748 1372 3808 monumenta

179 3868 236 3914 sua
266 3851 445 3929 servarent,
476 3846 644 3912 historiam
675 3869 781 3912 rerum
808 3848 1026 3914 Romanarum
1050 3850 1168 3913 factam
1193 3870 1260 3913 esse
1283 3869 1373 3913 men·

179 3956 346 4020 dosiorem.
395 3952 524 4028 „Multa
555 3952 630 4015 enim
661 3952 791 4039 (inquit)
814 3955 928 4038 scripta
950 3962 1019 4018 sunt
1042 3955 1076 4018 in
1099 3955 1139 4017 iis
1162 3972 1245 4028 ounu
1268 3971 1373 4020 suern

177 4077 242 4125 NON
259 4064 373 4140 ΝΜ,
395 4056 483 4141 falsi
514 4060 674 4142 triumphi,
704 4060 806 4142 plnres
836 4061 1022 4125 Consulatus.
1050 4066 1109 4126 eet.
1156 4060 1247 4125 Unde
1269 4063 1372 4146 igitur

177 4166 229 4230 his
258 4160 427 4228 materies?
474 4162 597 4248 Nempe
628 4186 667 4230 ex
697 4187 805 4230 rerum
837 4167 1021 4231 earumdem
1058 4166 1137 4232 falsa
1171 4169 1369 4251 repetitione.

178 4269 264 4336 Satis
296 4272 364 4334 erat
394 4267 494 4335 semel
527 4268 677 4337 Suessam
708 4271 887 4337 Pometiam
915 4274 1028 4358 opibus
1053 4273 1202 4339 omnibus
1225 4272 1372 4358 spoliari,
