3076 5004
832 266 875 347 26

300 465 381 559 Peg.
407 464 459 535 68.
485 468 652 550 Τυρρηνίας
678 478 773 535 ΜΕΝ
797 471 860 553 γόιρ
886 471 921 549 δή
946 471 1039 552 όνομα
1061 472 1112 537 τόν
1132 472 1238 555 χρόνον
1259 474 1369 538 ἐκεῖνον
1386 464 1450 536 οίνόι

254 578 308 651 τήν
337 577 485 642 Ἕλλοίδα
519 572 563 651 ήν.
606 577 733 654 Ὄνομοι
765 579 799 642 in
832 580 891 644 tali
914 601 947 644 re
970 579 1054 644 nihil
1078 579 1254 667 signifieat3
1281 578 1370 658 μέγα
1394 583 1451 645 aut

255 683 385 763 μέγιςον
410 684 503 762 όνομα
529 684 684 749 dicebant.
733 683 944 752 Scribendnm
968 689 1071 775 igitur
1094 689 1260 752 existimo:
1281 687 1450 768 Τυρρηνίας

254 791 316 872 γῶρ
341 792 377 866 δή
401 799 520 856 ΜΕΤΑ
544 789 639 868 ὄνομα
654 830 695 839 -
710 788 753 868 ήν.

297 1003 377 1090 Peg.
412 1001 465 1067 68.
500 1003 515 1076 ή
549 1001 707 1080 σύμπασα
739 1002 916 1084 χερρόνησος
951 1003 1212 1090 (Peloponnesus)
1236 1004 1266 1067 ἐν
1291 1000 1309 1085 ή
1334 1003 1386 1068 καί
1414 1004 1449 1067 τὸ

254 1108 433 1190 Ἀρκαδικόν
458 1108 510 1172 καί
536 1107 570 1172 τό
595 1110 766 1173 Ἰωνικόν
797 1109 848 1172 καί
874 1108 963 1173 ἄλλα
989 1110 1092 1188 συχνόι
1116 1109 1181 1185 ἔόνη
1207 1109 1301 1177 ἔνεςιν
1325 1108 1450 1188 Ἀχαία

256 1215 426 1293 ῶνομοίσόη.
475 1213 598 1279 Mirum
625 1218 660 1278 ni
683 1236 740 1301 pro
768 1215 893 1281 Ἰωνικόν
917 1219 1076 1301 scripserit
1101 1216 1242 1297 Δωρικόν.

303 1423 382 1511 Peg.
419 1420 472 1487 68.
506 1423 519 1489 ό
553 1423 583 1488 δὲ
615 1424 720 1504 χρόνος
752 1427 782 1489 ἐν
812 1421 832 1506 ᾧ
864 1425 898 1489 τό
925 1427 1121 1505 Πελασγικόν
1145 1427 1312 1490 κοινοῦσθαι
1338 1422 1449 1502 ήρξατο

256 1532 381 1613 δευτέρη
406 1536 501 1613 γενεᾷ
526 1530 637 1609 σχεδόν
661 1531 716 1610 πρό
742 1539 799 1595 τῶν
824 1535 964 1611 Τροίκῶν
988 1533 1120 1610 ἐγένετο.
1168 1532 1357 1619 Legendum
1382 1530 1450 1594 δον·

255 1636 330 1718 τέρα
354 1637 459 1714 γενεαί.

302 1848 382 1935 Pag.
409 1846 460 1916 71.
488 1850 613 1928 κλήρους
638 1856 708 1922 ταῖς
734 1849 853 1928 μοίραις
879 1850 1044 1930 ἐπιβαλεῖν
1068 1849 1119 1914 τόν
1139 1850 1196 1927 μὲν
1216 1849 1265 1912 ἐπ’
1286 1845 1374 1926 ἐξόδῳ
1394 1854 1450 1923 τής

257 1956 381 2034 χώρας,
415 1955 465 2020 τόν
498 1955 524 2020 δ’
557 1956 607 2019 ε’πί
639 1965 727 2038 μονή.
756 1977 794 2020 ex
817 1955 980 2022 Herodoto
1004 1956 1030 2021 I.
1058 1954 1111 2020 94.
1138 1958 1261 2042 corrige
1286 1955 1334 2018 ἐπ’
1360 1951 1450 2033 ἐξόδῳ

260 2061 319 2147 (ἐκ)
352 2068 407 2136 τῆς
440 2060 554 2142 χώρας.
588 2063 701 2128 deinde
731 2063 957 2150 expungendo
982 2065 1016 2126 in
1041 2058 1451 2140 τοιῶὶιλοιχοόσης-τήν

258 2167 341 2252 [μὲν]
364 2167 478 2244 οίμείνυ
500 2169 604 2247 τιίχην
625 2174 657 2234 et
681 2171 715 2232 in
739 2167 799 2234 fine
823 2170 975 2234 emenda:
1000 2170 1107 2240 πόλεις
1132 2170 1190 2240 τῶς
1215 2165 1259 2231 ἔτι
1285 2165 1348 2255 (καί
1375 2165 1451 2250 del.)

263 2277 336 2338 κατ’
363 2275 455 2340 αὐτόν
481 2276 565 2339 ε’κεῑ
585 2274 653 2361 (pro
673 2276 795 2356 ἐκεῖνον)
819 2275 922 2347 οὔσας.

274 2482 380 2574 Peg.
416 2482 469 2552 73.
501 2485 668 2565 Τυρρηνίας
700 2486 823 2563 μνήμην
854 2489 892 2558 ῶς
918 2485 1023 2552 Λυδῶν
1048 2483 1450 2560 ἀποικήσεως-οὐδεμίαν

255 2593 434 2665 πεποίηται.
486 2593 613 2658 Colonia.
637 2592 815 2677 appellatur
838 2593 986 2667 όποικίοι,
1012 2612 1074 2657 non
1098 2592 1279 2667 ῶτοίκησις,
1300 2590 1383 2675 quod
1403 2594 1452 2654 est

254 2698 449 2764 vocabulum
481 2696 591 2775 nihili,
618 2698 673 2762 sed
696 2698 850 2785 Dionysio
873 2699 1013 2764 solemne
1037 2703 1084 2762 est
1109 2697 1246 2761 colonias
1269 2697 1449 2767 οίποκτίσεις

256 2805 343 2888 (oum
374 2806 518 2891 genitivo
551 2804 671 2872 Λυδῶν.
708 2806 884 2882 Ῥωμαίων,
918 2805 1005 2890 πολι.)
1038 2802 1214 2888 appellare:
1249 2824 1344 2889 quare
1375 2804 1452 2867 νίσο-

257 2912 384 2982 κτίοεῶς
415 2911 638 2996 reponendum.
687 2910 761 2976 Sine
792 2913 873 2977 vitio
897 2910 1019 2997 legitur
1042 2931 1116 2996 pag.
1143 2908 1215 2974 123.
1242 2911 1349 2989 Τρώων
1373 2906 1451 2973 οίπό-

257 3041 365 3082 κτισιν.
398 3016 473 3082 138.
506 3016 622 3090 πόλεως
653 3018 731 3089 τινὸς
764 3017 938 3088 ῶπόκτισις.
965 3015 1040 3081 415.
1066 3016 1201 3094 πόλεμον
1229 3017 1375 3094 ἐξέκαυσε
1409 3026 1448 3097 πή

256 3124 441 3202 μητροπόλει
474 3125 545 3203 πρός
578 3127 633 3199 τήν
665 3123 839 3188 οίπόκτισιν.
875 3121 951 3189 770.
977 3121 1140 3201 Ἀλβανῶν
1164 3123 1337 3195 ῶπίκτισις.
1385 3121 1449 3188 Sed

255 3233 369 3296 vitiose
391 3252 464 3318 pag.
492 3229 567 3295 312.
593 3229 756 3308 Ἀλβανῶν
783 3229 956 3304 οίποίκησις.
985 3229 1060 3295 343.
1088 3229 1253 3308 Ἀλβανῶν
1272 3229 1446 3304 οίποίκησις.

257 3335 332 3402 504.
358 3339 416 3417 ὑπὸ
440 3344 495 3413 τής
520 3337 659 3418 ἕσχοίτης
683 3336 873 3410 ἀποικήσεως
900 3339 1131 3419 καόαιρεόεῖσα,
1157 3343 1189 3401 et
1211 3337 1282 3401 aliie
1305 3335 1391 3401 loein

300 3550 379 3639 Peg.
419 3549 472 3620 73.
508 3551 622 3618 τούτων
659 3549 675 3626 ή
712 3554 845 3629 γλῶσσα
879 3547 983 3630 όλίνον
1021 3548 1195 3633 παραφέρει
1232 3548 1284 3615 καί
1321 3552 1370 3615 νῦν
1402 3544 1447 3615 ἔτι

259 3665 491 3724 CIAAOTCIN
525 3658 681 3732 ἀλλήλους
706 3658 835 3738 Ιἑήματα
858 3661 911 3724 οὐκ
937 3659 1034 3738 ὀλίγα
1058 3656 1156 3737 ῶσπερ
1178 3661 1280 3730 Ἴωνες
1305 3658 1357 3722 καί
1383 3666 1447 3720 Δον-

255 3774 336 3847 ριεῖς.
385 3765 477 3830 Nihil
507 3763 690 3850 proficimus
726 3761 882 3831 Meinekii
911 3769 1099 3832 >coniectura
1135 3765 1280 3837 ξυνῶσιν.
1325 3763 1380 3828 Ne
1410 3763 1449 3828 de

255 3874 413 3938 sententia
444 3871 572 3956 quidem
606 3875 745 3955 constet,
769 3894 845 3937 nam
868 3873 896 3937 si
919 3872 1074 3958 κιοόκεριιο
1092 3872 1191 3955 ροκόίε
1211 3872 1315 3954 όίιοριιο
1338 3885 1450 3934 ennon

255 3995 448 4055 nlsennenn,
483 3976 621 4042 stultum
649 3983 696 4042 est
719 3979 832 4044 addere
854 4002 914 4049 noe
932 4003 1031 4063 ροκοο
1053 3979 1194 4043 voeabula
1217 4000 1263 4042 eoo
1286 3975 1450 4042 αοκιικκνιόοι

255 4088 372 4152 hebere.
419 4084 570 4170 Amplius
594 4087 809 4170 quaerendum
833 4107 954 4153 censeo.

302 4299 383 4385 Peg.
418 4296 470 4365 74.
504 4298 672 4366 Hellanico
702 4299 807 4366 Ionica
835 4301 930 4366 redde
961 4294 1448 4380 βασιλέος-μεσογείη--τήν

258 4409 308 4475 νῦν
332 4405 521 4487 καλεομένην
552 4407 719 4488 Τυρσηνίην
744 4405 878 4473 ἔκτισαν.
927 4407 1041 4474 Evasit
1063 4407 1123 4478 τοὶς
1144 4413 1218 4481 νήας
1242 4410 1274 4470 et
1298 4404 1349 4469 ὑπ’
1372 4408 1447 4470 ‘En-
