3076 5004
747 264 816 336 aso

184 452 222 522 In
251 454 339 522 hisee
370 456 474 543 igitur
502 458 654 545 reperisse
683 480 717 525 se
747 461 862 525 scribit
890 456 1016 541 δευτέρῳ
1039 457 1189 543 ’πρότερον
1221 456 1283 526 ἔτει
1317 465 1385 535 τῆς·

184 560 327 635 indueus
358 563 405 644 (id
436 567 484 630 est
514 585 596 631 anno
628 562 705 630 392.
733 586 760 631 a.
787 562 862 631 Ohr.
886 570 960 631 ante
982 565 1106 631 Urbem·
1127 587 1146 632 e
1170 564 1276 634 Gallis
1299 585 1376 652 cep-

184 670 265 754 tum)
297 668 423 745 τίμκσιν
446 670 519 754 (tal
546 670 624 756 del.)
648 676 701 736 τοῦ
726 672 884 748 Ῥωμαίων
909 673 1005 748 διίμου
1030 671 1214 757 γενομένην,
1241 668 1259 754 ᾗ
1282 695 1375 751 προσ·

183 775 424 855 γέγραπται-
435 774 542 857 χρίνοο
572 772 672 849 οὗτος·
700 777 905 850 ὑπατεύοντος
928 779 1060 843 Λευκίου
1087 779 1257 857 Οὐαλερίου
1283 777 1377 843 Ποτί-

184 905 237 947 του
266 883 317 946 καί
341 882 438 946 Τίτου
462 883 611 949 Μαλλίου
635 884 849 950 Καπιτωλίνου
874 884 959 960 μετα
988 885 1057 958 τὴν
1088 884 1268 961 ἐκβολὴν
1300 891 1383 948 τῶν

184 987 388 1068 βασιλέοιν
419 989 480 1062 ἑνδς
512 988 608 1055 δέοντι
638 991 743 1071 sinceri
768 990 821 1055 καί
847 990 982 1069 taceaco
1007 988 1078 1056 ἔτει.
1126 989 1216 1055 Eudo
1241 991 1376 1076 (inquit)

184 1099 259 1181 quia
281 1099 404 1161 constat
426 1094 562 1161 Romam
585 1117 604 1162 a
627 1093 731 1162 Gallis
755 1102 882 1181 captam
906 1116 972 1161 esse
997 1097 1086 1161 annis
1107 1093 1171 1159 120
1192 1100 1264 1180 post
1282 1114 1378 1182 reges

184 1206 310 1267 exactos
341 1221 422 1265 auno
444 1204 550 1286 prImo
574 1200 777 1289 Olympiadis
800 1200 935 1268 XCVIII
957 1205 1159 1286 perspicuum
1186 1207 1234 1265 est
1252 1201 1377 1285 primos

184 1305 337 1373 Consules
366 1328 433 1372 esse
462 1313 582 1373 creator
606 1313 679 1373 ante
702 1306 909 1395 Olympiades
930 1306 1077 1373 LXVIII.
1122 1312 1237 1370 Deuade
1259 1316 1377 1370 coastat

187 1417 248 1496 (ita
281 1415 389 1500 pergit
422 1416 653 1500 argumentari)
692 1419 797 1477 Itomae
829 1425 978 1497 νορνοοίιινιι
1009 1437 1070 1476 esse
1096 1435 1152 1496 pec·
1180 1435 1272 1476 οιοκοι
1296 1410 1373 1476 244.

184 1519 274 1586 Eliso
308 1523 453 1582 Romulae
486 1530 553 1582 ονιίε
585 1523 767 1602 Olympiades
795 1525 945 1603 ιοπορυοίο
975 1530 1004 1582 ct
1034 1543 1137 1603 ινιιοικ,
1168 1523 1202 1580 id
1231 1527 1277 1580 est
1299 1539 1375 1579 υουοο

176 1631 275 1709 prauo
309 1627 488 1708 Olympiadis
517 1624 587 1690 VII.
620 1650 739 1710 νερκαυε
770 1631 872 1709 coepit.
921 1624 1011 1690 Unde
1034 1629 1156 1690 constet
1178 1625 1206 1689 si
1229 1624 1375 1708 quaeris,

182 1730 367 1818 respondet:
400 1729 580 1811 γνωρίζεται
610 1736 700 1796 τοῦτο
730 1740 801 1806 ταῖς
838 1732 999 1811 διαδοχαῖς
1032 1737 1090 1795 τῶν
1125 1729 1281 1807 βασιλέοιν
1317 1726 1371 1792 καί

182 1847 245 1911 τοῖς
278 1835 378 1902 ἔτεσιν
408 1833 450 1909 οἷς
481 1833 584 1906 ἕκαςοι
617 1837 773 1917 κατέσχον
804 1840 859 1913 aba
891 1837 1001 1919 οίρχιίν.
1049 1837 1171 1902 Deinde
1205 1839 1373 1900 enumerat

181 1964 273 2031 reges
296 1949 329 2009 et
352 1947 430 2028 quot
449 1946 582 2029 quisque
601 1964 710 2010 eorum
732 1964 829 2009 annos
847 1946 1039 2031 regnaverit.
1076 1943 1214 2022 Quaeras
1233 1945 1373 2026 iterum,

182 2050 266 2115 unde
287 2048 365 2114 haec
388 2047 484 2114 fidem
507 2049 661 2128 habeant3
687 2051 854 2134 respondet
873 2048 998 2114 librum
1021 2055 1056 2112 da
1076 2050 1191 2112 ratione
1214 2060 1372 2131 temporam

182 2177 222 2221 ex
251 2155 408 2220 industria
438 2175 457 2219 a
482 2177 514 2220 se
539 2159 749 2240 compositum
778 2177 862 2239 esse,
886 2152 932 2220 ίτι
957 2155 987 2220 δὲ
1012 2160 1154 2220 τοσαῦτα
1177 2154 1288 2227 ἕκαςος
1311 2162 1371 2219 τῶν

181 2260 338 2340 βασιλέων
370 2257 457 2340 ἦρξεν
488 2259 541 2336 ira
574 2260 611 2325 δι’
644 2261 756 2327 ἐκείνου
788 2262 937 2335 δηλοῦταί
966 2285 1019 2340 μοι
1046 2265 1099 2327 τοῦ
1131 2260 1236 2340 λόγου.
1283 2261 1370 2326 Hine

181 2370 292 2434 statim
322 2366 526 2453 redarguitur
555 2366 670 2432 horum
702 2372 967 2455 argumentorum
998 2368 1034 2432 τὸ
1057 2369 1164 2448 οαίρδν
1189 2368 1299 2434 καὶτὸ
1324 2369 1368 2446 μδ

180 2473 216 2544 ἐξ
249 2473 396 2545 οίλκίείαρ
427 2472 637 2551 συγκείμενον.
684 2473 776 2540 Unde
806 2474 936 2541 taudem
958 2477 1033 2539 sciri
1054 2476 1160 2559 potuit
1183 2486 1261 2559 quot
1284 2476 1370 2560 quis·

180 2602 242 2667 que
264 2579 391 2667 Regum
416 2599 513 2645 annos
536 2578 738 2667 regnaverit?
776 2580 847 2671 Non
872 2580 1000 2645 aliunde
1024 2601 1120 2665 quam
1144 2601 1182 2645 ex
1205 2585 1369 2644 Amantiam

179 2686 403 2771 scriptoribus,
436 2705 513 2770 quos
535 2689 657 2751 mirum
680 2707 743 2771 non
766 2691 815 2752 est
837 2684 924 2751 fideli
947 2687 1113 2752 concordia
1134 2689 1218 2752 inter
1241 2709 1275 2753 se
1297 2708 1368 2753 con·

178 2794 296 2877 spirare
330 2792 405 2875 quia
437 2812 539 2856 unum
575 2798 608 2856 et
643 2793 797 2869 eundem,
833 2792 972 2857 Fabium
1002 2793 1164 2858 Pictorem
1196 2815 1236 2859 an
1266 2793 1367 2883 alium

177 2899 378 2982 quempiam,
412 2917 521 2962 omnes
551 2902 742 2982 sequuntur,
774 2903 811 2963 ut
838 2919 922 2962 nunc
946 2898 1094 2964 videmus
1114 2904 1147 2964 et
1169 2899 1309 2984 reliquos
1334 2905 1366 2964 et

174 3003 307 3069 Livium
338 3009 371 3068 et
400 3002 594 3088 Dionysium
625 3022 753 3087 prorsus
784 3006 819 3068 in
842 3006 883 3068 iis
906 3006 990 3068 inter
1013 3024 1046 3068 se
1070 3007 1256 3070 consentire.
1304 3005 1366 3070 Sed

173 3110 282 3175 fabula
305 3110 345 3174 ab
369 3129 431 3174 uno
455 3107 529 3174 fieta
552 3115 584 3173 et
606 3129 624 3173 a
647 3107 760 3174 multis
780 3109 852 3174 aliis
877 3108 1013 3175 fideliter
1035 3113 1172 3195 repetita
1195 3132 1258 3176 non
1283 3111 1378 3178 desi·-

175 3217 225 3280 nit
248 3215 356 3280 fabula
379 3235 456 3281 esse.

219 3322 291 3388 Non
322 3327 370 3386 est
399 3321 462 3386 alia
493 3323 573 3386 ratio
601 3323 636 3384 iu
659 3318 834 3387 Oensorum
860 3320 1115 3388 Commentariis.
1163 3323 1293 3408 Opinari
1316 3328 1364 3393 vi-

175 3430 268 3495 detur
296 3427 470 3513 Dionysius
494 3431 744 3490 antemeridiana
767 3433 912 3491 Gallicum
935 3449 987 3493 eos
1011 3431 1143 3514 scriptos
1167 3429 1282 3515 fuisse,
1307 3432 1362 3497 sed

174 3537 282 3601 omnia
312 3534 445 3598 suadent
476 3538 514 3597 ut
546 3532 712 3603 credamus
742 3540 949 3619 posteaquam
977 3539 1110 3600 Λυκαίου
1138 3536 1234 3600 scribi
1258 3540 1363 3622 coepti

174 3644 239 3708 sint
269 3652 301 3704 et
331 3645 513 3723 temporum
546 3640 763 3722 antiquiorum
788 3629 957 3725 descriptio
982 3661 1177 3725 quamquam
1202 3662 1363 3709 commen·

173 3750 251 3813 ticia
278 3749 312 3811 in
341 3745 450 3810 literas
480 3747 524 3809 sit
550 3743 668 3821 relata3
693 3745 823 3829 perinde
846 3751 968 3810 veteres
992 3749 1236 3812 commentarios
1260 3771 1299 3814 ex
1321 3741 1362 3814 iis

175 3874 242 3920 esse
265 3850 444 3938 suppletus,
465 3858 502 3914 ut
520 3848 678 3934 Polybius
698 3871 737 3914 ex
757 3849 868 3916 tabula
881 3851 966 3935 apud
976 3850 1165 3916 Pontificem
1178 3852 1361 3921 Maximum

173 3959 323 4046 cognovit
354 3955 512 4020 conditam
544 3975 610 4020 esse
641 3954 760 4020 Urbem
793 3955 994 4042 Olympiadis
1017 3955 1086 4022 Vll.
1111 3979 1191 4024 enno
1215 3963 1358 4028 secundo.

171 4087 246 4153 pag.
278 4062 353 4128 188.
378 4064 411 4126 οιί
436 4061 498 4141 yla
524 4058 622 4136 ἠξίουν
647 4064 685 4132 ὥς
710 4062 864 4139 Πολύβιος
889 4063 903 4126 ί
928 4065 1194 4140 Μεχαλοπολίτκς
1219 4073 1360 4134 τοσοῦτον

172 4173 261 4248 μόνον
284 4171 380 4234 είπείν
404 4163 449 4231 ίτι
474 4169 560 4232 κατοδ
585 4171 619 4231 τὸ
645 4168 780 4247 δεύτερον
804 4167 870 4240 ἔτος
896 4177 951 4243 τῆς
975 4169 1110 4248 ἑβδόμης
1143 4175 1358 4248 Ὀλυμπιάδος

171 4281 226 4352 τὴν
253 4279 376 4353 Ῥώμην
410 4276 545 4339 ε’κτίσίαι
578 4277 723 4347 πείθομαι
747 4276 807 4339 οὐδ’
832 4275 882 4339 ἐπὶ
907 4280 960 4340 τοῦ
985 4276 1072 4355 παρα
1096 4285 1159 4349 τοῖς
1184 4280 1358 4358 ἀρχιερεῦσι

172 4383 310 4468 κειμένου
334 4380 461 4458 πίνακος
486 4380 547 4467 ἐνὸς
572 4380 626 4446 καί
650 4380 742 4462 μίνου
763 4384 817 4459 τὴν
839 4383 924 4451 πίςιν
943 4381 1139 4459 οίβασοίνιςον
1159 4396 1357 4456 καταλιπεῖν.
