<?xml version="1.0" encoding="UTF-8"?>
<!DOCTYPE html PUBLIC "-//W3C//DTD XHTML 1.0 Transitional//EN"
    "http://www.w3.org/TR/xhtml1/DTD/xhtml1-transitional.dtd">
<html xmlns="http://www.w3.org/1999/xhtml" xml:lang="en" lang="en">
 <head>
  <title>
</title>
<meta http-equiv="Content-Type" content="text/html;charset=utf-8" />
  <meta name='ocr-system' content='tesseract 3.04.00' />
  <meta name='ocr-capabilities' content='ocr_page ocr_carea ocr_par ocr_line ocrx_word'/>
</head>
<body>
  <div class='ocr_page' id='page_1' title='image "./observationescr00cobegoog_0171.png"; bbox 0 0 3076 5004; ppageno 0'>
   <div class='ocr_carea' id='block_1_1' title="bbox 683 326 747 396">
    <p class='ocr_par' dir='ltr' id='par_1_1' title="bbox 683 326 747 396">
     <span class='ocr_line' id='line_1_1' title="bbox 683 326 747 396; baseline 0.047 -3"><span class='ocrx_word' id='word_1_1' title='bbox 683 326 747 396; x_wconf 69' lang='lat'><strong>14³</strong></span> 
     </span>
    </p>
   </div>
   <div class='ocr_carea' id='block_1_2' title="bbox 116 517 1314 2206">
    <p class='ocr_par' dir='ltr' id='par_1_2' title="bbox 116 517 1314 2206">
     <span class='ocr_line' id='line_1_2' title="bbox 117 517 1308 606; baseline -0.003 -19"><span class='ocrx_word' id='word_1_2' title='bbox 117 519 245 606; x_wconf 83' lang='lat' dir='ltr'><strong>nequit,</strong></span> <span class='ocrx_word' id='word_1_3' title='bbox 273 517 349 604; x_wconf 82' lang='lat' dir='ltr'><strong>quia</strong></span> <span class='ocrx_word' id='word_1_4' title='bbox 368 517 540 585; x_wconf 79' lang='lat' dir='ltr'><strong>absurdum</strong></span> <span class='ocrx_word' id='word_1_5' title='bbox 558 518 651 604; x_wconf 84' lang='lat' dir='ltr'><strong>piane</strong></span> <span class='ocrx_word' id='word_1_6' title='bbox 670 523 735 587; x_wconf 83' lang='lat' dir='ltr'><strong>est:</strong></span> <span class='ocrx_word' id='word_1_7' title='bbox 756 520 887 593; x_wconf 70' lang='grc' dir='ltr'><strong><em>πλείειν</em></strong></span> <span class='ocrx_word' id='word_1_8' title='bbox 907 521 1076 596; x_wconf 83' lang='grc' dir='ltr'><strong><em>προθυμίαν</em></strong></span> <span class='ocrx_word' id='word_1_9' title='bbox 1096 517 1308 596; x_wconf 73' lang='grc' dir='ltr'><strong><em>ἐπιδείξασθαι</em></strong></span> 
     </span>
     <span class='ocr_line' id='line_1_3' title="bbox 119 626 1309 714; baseline -0.001 -22"><span class='ocrx_word' id='word_1_10' title='bbox 119 627 187 703; x_wconf 77' lang='grc' dir='ltr'><strong><em>περί</em></strong></span> <span class='ocrx_word' id='word_1_11' title='bbox 222 630 278 698; x_wconf 82' lang='grc' dir='ltr'><strong><em>τίνι</em></strong></span> <span class='ocrx_word' id='word_1_12' title='bbox 309 628 507 702; x_wconf 76' lang='grc' dir='ltr'><strong><em>θποιλλαμίρν</em></strong></span> <span class='ocrx_word' id='word_1_13' title='bbox 530 633 588 691; x_wconf 86' lang='grc' dir='ltr'><strong>τῦν</strong></span> <span class='ocrx_word' id='word_1_14' title='bbox 613 630 766 701; x_wconf 83' lang='grc' dir='ltr'><strong><em>πολέμιον.</em></strong></span> <span class='ocrx_word' id='word_1_15' title='bbox 812 628 873 692; x_wconf 84' lang='lat' dir='ltr'><strong>Sed</strong></span> <span class='ocrx_word' id='word_1_16' title='bbox 898 650 946 693; x_wconf 81' lang='lat' dir='ltr'><strong>res</strong></span> <span class='ocrx_word' id='word_1_17' title='bbox 969 633 1039 714; x_wconf 84' lang='lat' dir='ltr'><strong>ipsa</strong></span> <span class='ocrx_word' id='word_1_18' title='bbox 1060 627 1177 693; x_wconf 82' lang='lat' dir='ltr'><strong>clarum</strong></span> <span class='ocrx_word' id='word_1_19' title='bbox 1202 626 1309 692; x_wconf 87' lang='lat' dir='ltr'><strong>lucem</strong></span> 
     </span>
     <span class='ocr_line' id='line_1_4' title="bbox 118 731 1310 820; baseline 0.001 -21"><span class='ocrx_word' id='word_1_20' title='bbox 118 733 209 800; x_wconf 84' lang='lat' dir='ltr'><strong>affert</strong></span> <span class='ocrx_word' id='word_1_21' title='bbox 241 741 274 797; x_wconf 91' lang='lat' dir='ltr'><strong>et</strong></span> <span class='ocrx_word' id='word_1_22' title='bbox 302 739 427 816; x_wconf 88' lang='lat' dir='ltr'><strong>reperta</strong></span> <span class='ocrx_word' id='word_1_23' title='bbox 456 731 517 797; x_wconf 83' lang='lat' dir='ltr'><strong>lori</strong></span> <span class='ocrx_word' id='word_1_24' title='bbox 546 737 701 799; x_wconf 80' lang='lat' dir='ltr'><strong>sententie</strong></span> <span class='ocrx_word' id='word_1_25' title='bbox 724 755 798 800; x_wconf 76' lang='lat' dir='ltr'><strong>vera</strong></span> <span class='ocrx_word' id='word_1_26' title='bbox 821 738 978 819; x_wconf 80' lang='lat' dir='ltr'><strong>scriptura</strong></span> <span class='ocrx_word' id='word_1_27' title='bbox 1001 734 1086 800; x_wconf 82' lang='lat' dir='ltr'><strong>sacili</strong></span> <span class='ocrx_word' id='word_1_28' title='bbox 1110 737 1239 820; x_wconf 79' lang='lat' dir='ltr'><strong>negotio</strong></span> <span class='ocrx_word' id='word_1_29' title='bbox 1263 755 1310 800; x_wconf 86' lang='lat' dir='ltr'><strong>re·</strong></span> 
     </span>
     <span class='ocr_line' id='line_1_5' title="bbox 118 836 1310 928; baseline 0.001 -23"><span class='ocrx_word' id='word_1_30' title='bbox 118 840 271 926; x_wconf 86' lang='lat' dir='ltr'><strong>perietur.</strong></span> <span class='ocrx_word' id='word_1_31' title='bbox 317 836 410 902; x_wconf 81' lang='lat' dir='ltr'><strong>Dixit</strong></span> <span class='ocrx_word' id='word_1_32' title='bbox 432 859 547 922; x_wconf 81' lang='lat' dir='ltr'><strong>nempe</strong></span> <span class='ocrx_word' id='word_1_33' title='bbox 569 838 686 904; x_wconf 79' lang='lat' dir='ltr'><strong>Decius</strong></span> <span class='ocrx_word' id='word_1_34' title='bbox 708 841 793 905; x_wconf 88' lang='lat' dir='ltr'><strong>idem</strong></span> <span class='ocrx_word' id='word_1_35' title='bbox 819 845 902 925; x_wconf 90' lang='lat' dir='ltr'><strong>quod</strong></span> <span class='ocrx_word' id='word_1_36' title='bbox 924 843 958 904; x_wconf 91' lang='lat' dir='ltr'><strong>in</strong></span> <span class='ocrx_word' id='word_1_37' title='bbox 982 841 1092 906; x_wconf 86' lang='lat' dir='ltr'><strong>eodem</strong></span> <span class='ocrx_word' id='word_1_38' title='bbox 1120 845 1310 928; x_wconf 80' lang='lat' dir='ltr'><strong>argumento</strong></span> 
     </span>
     <span class='ocr_line' id='line_1_6' title="bbox 117 943 1310 1034; baseline -0.003 -21"><span class='ocrx_word' id='word_1_39' title='bbox 117 945 233 1013; x_wconf 79' lang='lat' dir='ltr'><strong>multis</strong></span> <span class='ocrx_word' id='word_1_40' title='bbox 263 943 460 1010; x_wconf 82' lang='lat' dir='ltr'><strong>demonstrat</strong></span> <span class='ocrx_word' id='word_1_41' title='bbox 489 943 609 1010; x_wconf 81' lang='lat' dir='ltr'><strong>Brutus</strong></span> <span class='ocrx_word' id='word_1_42' title='bbox 641 966 714 1034; x_wconf 79' lang='lat' dir='ltr'><strong>pag.</strong></span> <span class='ocrx_word' id='word_1_43' title='bbox 749 944 926 1032; x_wconf 71' lang='lat' dir='ltr'><strong>1207.sqq.</strong></span> <span class='ocrx_word' id='word_1_44' title='bbox 952 948 1067 1031; x_wconf 78' lang='lat' dir='ltr'><em>plebem</em></span> <span class='ocrx_word' id='word_1_45' title='bbox 1096 947 1182 1010; x_wconf 78' lang='grc' dir='ltr'><strong><em>ανοίαο</em></strong></span> <span class='ocrx_word' id='word_1_46' title='bbox 1210 947 1310 1010; x_wconf 73' lang='lat' dir='ltr'><strong>studio</strong></span> 
     </span>
     <span class='ocr_line' id='line_1_7' title="bbox 118 1050 1312 1138; baseline 0 -20"><span class='ocrx_word' id='word_1_47' title='bbox 118 1053 271 1118; x_wconf 80' lang='grc' dir='ltr'><strong><em>αοθὶιιοίεεο</em></strong></span> <span class='ocrx_word' id='word_1_48' title='bbox 302 1050 454 1116; x_wconf 75' lang='lat' dir='ltr'><strong>Patriciae</strong></span> <span class='ocrx_word' id='word_1_49' title='bbox 484 1051 518 1114; x_wconf 83' lang='grc' dir='ltr'><strong>νὀο</strong></span> <span class='ocrx_word' id='word_1_50' title='bbox 547 1053 664 1132; x_wconf 75' lang='grc' dir='ltr'><strong><em>εαρίθιιι</em></strong></span> <span class='ocrx_word' id='word_1_51' title='bbox 695 1053 863 1134; x_wconf 75' lang='grc' dir='ltr'><strong><em>ανίροαθθε,</em></strong></span> <span class='ocrx_word' id='word_1_52' title='bbox 896 1074 991 1138; x_wconf 80' lang='lat' dir='ltr'><strong>quem</strong></span> <span class='ocrx_word' id='word_1_53' title='bbox 1012 1058 1135 1138; x_wconf 88' lang='lat' dir='ltr'><strong>partem</strong></span> <span class='ocrx_word' id='word_1_54' title='bbox 1160 1054 1312 1118; x_wconf 78' lang='lat' dir='ltr'><strong>orationis</strong></span> 
     </span>
     <span class='ocr_line' id='line_1_8' title="bbox 116 1155 1308 1250; baseline 0 -27"><span class='ocrx_word' id='word_1_55' title='bbox 116 1183 193 1250; x_wconf 76' lang='lat' dir='ltr'><strong>pag.</strong></span> <span class='ocrx_word' id='word_1_56' title='bbox 228 1156 326 1223; x_wconf 79' lang='lat'><strong>1211.</strong></span> <span class='ocrx_word' id='word_1_57' title='bbox 358 1159 404 1222; x_wconf 82' lang='lat' dir='ltr'><strong>sic</strong></span> <span class='ocrx_word' id='word_1_58' title='bbox 434 1157 612 1223; x_wconf 81' lang='lat' dir='ltr'>concludit:</span> <span class='ocrx_word' id='word_1_59' title='bbox 636 1155 658 1224; x_wconf 75' lang='grc' dir='ltr'><strong>οῦ</strong></span> <span class='ocrx_word' id='word_1_60' title='bbox 683 1160 740 1235; x_wconf 73' lang='grc' dir='ltr'><strong>μὲν</strong></span> <span class='ocrx_word' id='word_1_61' title='bbox 763 1160 798 1233; x_wconf 71' lang='grc' dir='ltr'><strong>δῦ</strong></span> <span class='ocrx_word' id='word_1_62' title='bbox 823 1161 865 1231; x_wconf 76' lang='grc' dir='ltr'><strong><em>είς</em></strong></span> <span class='ocrx_word' id='word_1_63' title='bbox 888 1159 924 1224; x_wconf 85' lang='grc' dir='ltr'><strong><em>πθ</em></strong></span> <span class='ocrx_word' id='word_1_64' title='bbox 947 1162 1198 1237; x_wconf 84' lang='grc' dir='ltr'><strong><em>πννελενθερῦοοοι</em></strong></span> <span class='ocrx_word' id='word_1_65' title='bbox 1225 1160 1308 1234; x_wconf 75' lang='grc' dir='ltr'><strong>ὑμᾶς</strong></span> 
     </span>
     <span class='ocr_line' id='line_1_9' title="bbox 118 1264 1311 1345; baseline -0.001 -12"><span class='ocrx_word' id='word_1_66' title='bbox 118 1269 183 1332; x_wconf 79' lang='grc' dir='ltr'><strong><em>οῦπθ</em></strong></span> <span class='ocrx_word' id='word_1_67' title='bbox 215 1272 274 1331; x_wconf 87' lang='grc' dir='ltr'><strong>τῦι</strong></span> <span class='ocrx_word' id='word_1_68' title='bbox 305 1271 552 1329; x_wconf 78' lang='grc' dir='ltr'>ΤΤΡΑΝΝΩΝ</span> <span class='ocrx_word' id='word_1_69' title='bbox 584 1265 808 1345; x_wconf 79' lang='grc' dir='ltr'><strong><em>παρεσχόμεθα</em></strong></span> <span class='ocrx_word' id='word_1_70' title='bbox 824 1303 860 1314; x_wconf 90' lang='grc'><strong>-</strong></span> <span class='ocrx_word' id='word_1_71' title='bbox 876 1265 981 1330; x_wconf 83' lang='grc' dir='ltr'><strong><em>παῦτοὶ</em></strong></span> <span class='ocrx_word' id='word_1_72' title='bbox 1009 1265 1080 1332; x_wconf 73' lang='grc' dir='ltr'><strong><em>ἕτιν.</em></strong></span> <span class='ocrx_word' id='word_1_73' title='bbox 1128 1264 1177 1329; x_wconf 81' lang='lat' dir='ltr'><strong>En</strong></span> <span class='ocrx_word' id='word_1_74' title='bbox 1200 1286 1311 1332; x_wconf 81' lang='lat' dir='ltr'><strong>veram</strong></span> 
     </span>
     <span class='ocr_line' id='line_1_10' title="bbox 118 1367 1311 1448; baseline -0.004 -7"><span class='ocrx_word' id='word_1_75' title='bbox 118 1367 311 1441; x_wconf 77' lang='lat' dir='ltr'><strong>lectionem!</strong></span> <span class='ocrx_word' id='word_1_76' title='bbox 345 1371 397 1435; x_wconf 79' lang='grc' dir='ltr'><strong><em>καὶ</em></strong></span> <span class='ocrx_word' id='word_1_77' title='bbox 430 1369 497 1448; x_wconf 81' lang='grc' dir='ltr'><strong><em>περὶ</em></strong></span> <span class='ocrx_word' id='word_1_78' title='bbox 529 1374 584 1444; x_wconf 71' lang='lat' dir='ltr'><strong>riu</strong></span> <span class='ocrx_word' id='word_1_79' title='bbox 609 1373 805 1448; x_wconf 75' lang='grc' dir='ltr'><strong><em>οὶπαλλαμίρν</em></strong></span> <span class='ocrx_word' id='word_1_80' title='bbox 828 1379 885 1437; x_wconf 87' lang='grc' dir='ltr'><strong>τῦν</strong></span> <span class='ocrx_word' id='word_1_81' title='bbox 910 1378 1157 1437; x_wconf 78' lang='grc' dir='ltr'>ΤὙΡΑΝΝΩΝ</span> <span class='ocrx_word' id='word_1_82' title='bbox 1182 1371 1311 1445; x_wconf 77' lang='grc' dir='ltr'><strong><em>πλείςκν</em></strong></span> 
     </span>
     <span class='ocr_line' id='line_1_11' title="bbox 120 1476 1310 1556; baseline -0.002 -12"><span class='ocrx_word' id='word_1_83' title='bbox 120 1476 347 1556; x_wconf 71' lang='grc' dir='ltr'><strong>ἐπιδειξάμενοι</strong></span> <span class='ocrx_word' id='word_1_84' title='bbox 380 1477 561 1555; x_wconf 84' lang='grc' dir='ltr'><strong><em>προθυμίαν.</em></strong></span> <span class='ocrx_word' id='word_1_85' title='bbox 624 1476 739 1544; x_wconf 79' lang='lat' dir='ltr'>Paullo</span> <span class='ocrx_word' id='word_1_86' title='bbox 775 1486 848 1544; x_wconf 87' lang='lat' dir='ltr'><strong>ante</strong></span> <span class='ocrx_word' id='word_1_87' title='bbox 884 1479 1023 1544; x_wconf 79' lang='lat' dir='ltr'><strong>dixerat:</strong></span> <span class='ocrx_word' id='word_1_88' title='bbox 1060 1476 1128 1546; x_wconf 74' lang='lat' dir='ltr'><strong>rode</strong></span> <span class='ocrx_word' id='word_1_89' title='bbox 1165 1476 1310 1555; x_wconf 76' lang='grc' dir='ltr'><strong><em>βασιλεῖς</em></strong></span> 
     </span>
     <span class='ocr_line' id='line_1_12' title="bbox 117 1581 1314 1665; baseline -0.002 -14"><span class='ocrx_word' id='word_1_90' title='bbox 117 1583 403 1662; x_wconf 67' lang='grc' dir='ltr'><strong>ἀπηλλάξατε</strong></span> <span class='ocrx_word' id='word_1_91' title='bbox 433 1581 622 1665; x_wconf 79' lang='grc' dir='ltr'><strong><em>τομμοθχονς</em></strong></span> <span class='ocrx_word' id='word_1_92' title='bbox 647 1583 770 1664; x_wconf 75' lang='grc' dir='ltr'><strong><em>ἔχοντες</em></strong></span> <span class='ocrx_word' id='word_1_93' title='bbox 797 1586 896 1661; x_wconf 79' lang='grc' dir='ltr'><strong><em>νίμοῦς,</em></strong></span> <span class='ocrx_word' id='word_1_94' title='bbox 918 1605 1003 1649; x_wconf 92' lang='lat' dir='ltr'><strong>nunc</strong></span> <span class='ocrx_word' id='word_1_95' title='bbox 1025 1583 1110 1649; x_wconf 88' lang='lat' dir='ltr'><strong>idem</strong></span> <span class='ocrx_word' id='word_1_96' title='bbox 1135 1584 1218 1648; x_wconf 87' lang='lat' dir='ltr'><strong>dixit</strong></span> <span class='ocrx_word' id='word_1_97' title='bbox 1240 1583 1314 1649; x_wconf 78' lang='lat' dir='ltr'><strong>aliis</strong></span> 
     </span>
     <span class='ocr_line' id='line_1_13' title="bbox 118 1689 1311 1769; baseline -0.006 -9"><span class='ocrx_word' id='word_1_98' title='bbox 118 1693 248 1761; x_wconf 81' lang='lat' dir='ltr'><strong>verbis:</strong></span> <span class='ocrx_word' id='word_1_99' title='bbox 283 1690 350 1768; x_wconf 76' lang='grc' dir='ltr'><strong><em>περὶ</em></strong></span> <span class='ocrx_word' id='word_1_100' title='bbox 385 1689 439 1762; x_wconf 67' lang='grc' dir='ltr'><strong>τὴν</strong></span> <span class='ocrx_word' id='word_1_101' title='bbox 474 1692 672 1768; x_wconf 65' lang='grc' dir='ltr'><strong><em>ἀπαλλαγὴν</em></strong></span> <span class='ocrx_word' id='word_1_102' title='bbox 706 1697 765 1756; x_wconf 81' lang='grc' dir='ltr'><strong>τῶν</strong></span> <span class='ocrx_word' id='word_1_103' title='bbox 800 1691 949 1769; x_wconf 73' lang='grc' dir='ltr'><strong><em>τυράννων</em></strong></span> <span class='ocrx_word' id='word_1_104' title='bbox 983 1692 1112 1765; x_wconf 75' lang='grc' dir='ltr'><strong><em>πλεθςορκ</em></strong></span> <span class='ocrx_word' id='word_1_105' title='bbox 1143 1689 1311 1768; x_wconf 83' lang='grc' dir='ltr'><strong><em>προθυμίαι</em></strong></span> 
     </span>
     <span class='ocr_line' id='line_1_14' title="bbox 118 1794 1312 1886; baseline -0.004 -21"><span class='ocrx_word' id='word_1_106' title='bbox 118 1794 359 1873; x_wconf 73' lang='grc' dir='ltr'><strong><em>ἐπεδειξάμεθα.</em></strong></span> <span class='ocrx_word' id='word_1_107' title='bbox 406 1795 442 1860; x_wconf 89' lang='lat' dir='ltr'><strong>ln</strong></span> <span class='ocrx_word' id='word_1_108' title='bbox 473 1798 629 1862; x_wconf 81' lang='lat' dir='ltr'><strong>sententia</strong></span> <span class='ocrx_word' id='word_1_109' title='bbox 660 1804 744 1862; x_wconf 84' lang='lat' dir='ltr'><strong>certa</strong></span> <span class='ocrx_word' id='word_1_110' title='bbox 774 1796 868 1864; x_wconf 87' lang='lat' dir='ltr'><strong>facile</strong></span> <span class='ocrx_word' id='word_1_111' title='bbox 898 1797 1094 1886; x_wconf 75' lang='lat' dir='ltr'><strong>intelligitur</strong></span> <span class='ocrx_word' id='word_1_112' title='bbox 1124 1816 1186 1882; x_wconf 90' lang='lat' dir='ltr'><strong>quo</strong></span> <span class='ocrx_word' id='word_1_113' title='bbox 1220 1799 1312 1882; x_wconf 87' lang='lat' dir='ltr'><strong>pecto</strong></span> 
     </span>
     <span class='ocr_line' id='line_1_15' title="bbox 119 1902 843 1989; baseline -0.006 -17"><span class='ocrx_word' id='word_1_114' title='bbox 119 1903 259 1972; x_wconf 81' lang='lat' dir='ltr'><strong>absurda</strong></span> <span class='ocrx_word' id='word_1_115' title='bbox 282 1904 439 1989; x_wconf 82' lang='lat' dir='ltr'><strong>scriptura</strong></span> <span class='ocrx_word' id='word_1_116' title='bbox 461 1906 537 1968; x_wconf 84' lang='lat' dir='ltr'><strong>nata</strong></span> <span class='ocrx_word' id='word_1_117' title='bbox 559 1903 610 1967; x_wconf 81' lang='lat' dir='ltr'><strong>eit.</strong></span> <span class='ocrx_word' id='word_1_118' title='bbox 658 1902 787 1968; x_wconf 83' lang='lat' dir='ltr'><strong>Lacuna</strong></span> <span class='ocrx_word' id='word_1_119' title='bbox 808 1905 843 1968; x_wconf 92' lang='lat' dir='ltr'><strong>in</strong></span> 
     </span>
     <span class='ocr_line' id='line_1_16' title="bbox 387 2009 1043 2076; baseline 0.005 -3"><span class='ocrx_word' id='word_1_120' title='bbox 387 2009 1043 2076; x_wconf 58' lang='lat' dir='ltr'>THNAHAAAAFHNTQNWQN</span> 
     </span>
     <span class='ocr_line' id='line_1_17' title="bbox 120 2114 705 2206; baseline -0.012 -19"><span class='ocrx_word' id='word_1_121' title='bbox 120 2117 250 2206; x_wconf 83' lang='lat' dir='ltr'><strong>expleta</strong></span> <span class='ocrx_word' id='word_1_122' title='bbox 273 2119 322 2183; x_wconf 81' lang='lat' dir='ltr'><strong>ert</strong></span> <span class='ocrx_word' id='word_1_123' title='bbox 344 2116 390 2182; x_wconf 84' lang='lat' dir='ltr'><strong>sic</strong></span> <span class='ocrx_word' id='word_1_124' title='bbox 413 2120 451 2180; x_wconf 92' lang='lat' dir='ltr'><strong>ut</strong></span> <span class='ocrx_word' id='word_1_125' title='bbox 474 2115 531 2180; x_wconf 79' lang='lat' dir='ltr'><strong>iuti</strong></span> <span class='ocrx_word' id='word_1_126' title='bbox 553 2114 705 2182; x_wconf 79' lang='lat' dir='ltr'><strong>solebant.</strong></span> 
     </span>
    </p>
   </div>
   <div class='ocr_carea' id='block_1_3' title="bbox 124 2323 1314 2523">
    <p class='ocr_par' dir='ltr' id='par_1_3' title="bbox 124 2323 1314 2523">
     <span class='ocr_line' id='line_1_18' title="bbox 170 2323 1314 2420; baseline -0.003 -22"><span class='ocrx_word' id='word_1_127' title='bbox 170 2331 251 2420; x_wconf 78' lang='lat' dir='ltr'><strong>Peg.</strong></span> <span class='ocrx_word' id='word_1_128' title='bbox 284 2323 383 2394; x_wconf 85' lang='grc'><strong>1403.</strong></span> <span class='ocrx_word' id='word_1_129' title='bbox 415 2329 522 2406; x_wconf 78' lang='grc' dir='ltr'><strong><em>μικροῦ</em></strong></span> <span class='ocrx_word' id='word_1_130' title='bbox 545 2325 602 2404; x_wconf 75' lang='grc' dir='ltr'><strong>μὲν</strong></span> <span class='ocrx_word' id='word_1_131' title='bbox 626 2323 804 2406; x_wconf 78' lang='grc' dir='ltr'><strong><em>ἔμπροσθεν.</em></strong></span> <span class='ocrx_word' id='word_1_132' title='bbox 854 2325 1014 2395; x_wconf 84' lang='lat' dir='ltr'><strong>Graecum</strong></span> <span class='ocrx_word' id='word_1_133' title='bbox 1038 2333 1086 2395; x_wconf 81' lang='lat' dir='ltr'><strong>est</strong></span> <span class='ocrx_word' id='word_1_134' title='bbox 1108 2337 1232 2410; x_wconf 85' lang='grc' dir='ltr'><strong><em>μικρΩΙ</em></strong></span> <span class='ocrx_word' id='word_1_135' title='bbox 1257 2326 1314 2408; x_wconf 80' lang='grc' dir='ltr'><strong>ἔμ-</strong></span> 
     </span>
     <span class='ocr_line' id='line_1_19' title="bbox 124 2432 767 2523; baseline -0.011 -16"><span class='ocrx_word' id='word_1_136' title='bbox 124 2440 270 2523; x_wconf 85' lang='grc' dir='ltr'><strong><em>προσθεν,</em></strong></span> <span class='ocrx_word' id='word_1_137' title='bbox 293 2434 390 2517; x_wconf 71' lang='grc' dir='ltr'><strong><em>ὀλίγῳ</em></strong></span> <span class='ocrx_word' id='word_1_138' title='bbox 413 2433 554 2516; x_wconf 77' lang='grc' dir='ltr'><strong><em>πρότερον</em></strong></span> <span class='ocrx_word' id='word_1_139' title='bbox 578 2437 611 2498; x_wconf 92' lang='lat' dir='ltr'><strong>et</strong></span> <span class='ocrx_word' id='word_1_140' title='bbox 636 2432 767 2500; x_wconf 74' lang='lat' dir='ltr'><strong>similia.</strong></span> 
     </span>
    </p>
   </div>
   <div class='ocr_carea' id='block_1_4' title="bbox 127 2642 1319 2841">
    <p class='ocr_par' dir='ltr' id='par_1_4' title="bbox 127 2642 1319 2841">
     <span class='ocr_line' id='line_1_20' title="bbox 130 2642 1318 2738; baseline -0.002 -22"><span class='ocrx_word' id='word_1_141' title='bbox 130 2666 146 2691; x_wconf 74' lang='lat'><em>⁶</em></span> <span class='ocrx_word' id='word_1_142' title='bbox 170 2649 250 2738; x_wconf 79' lang='lat' dir='ltr'><strong>Peg.</strong></span> <span class='ocrx_word' id='word_1_143' title='bbox 279 2645 375 2715; x_wconf 79' lang='lat'><strong>1407.</strong></span> <span class='ocrx_word' id='word_1_144' title='bbox 402 2647 432 2712; x_wconf 82' lang='grc' dir='ltr'><strong>ἐν</strong></span> <span class='ocrx_word' id='word_1_145' title='bbox 457 2642 478 2728; x_wconf 76' lang='grc' dir='ltr'><em>ᾧ</em></span> <span class='ocrx_word' id='word_1_146' title='bbox 502 2647 698 2728; x_wconf 83' lang='grc' dir='ltr'><strong><em>τετρῦχωται</em></strong></span> <span class='ocrx_word' id='word_1_147' title='bbox 724 2646 838 2732; x_wconf 80' lang='lat' dir='ltr'>(plebs)</span> <span class='ocrx_word' id='word_1_148' title='bbox 862 2649 912 2713; x_wconf 78' lang='grc' dir='ltr'><strong>ὑπ’</strong></span> <span class='ocrx_word' id='word_1_149' title='bbox 933 2648 1150 2730; x_wconf 79' lang='grc' dir='ltr'><strong><em>οίχριρματίαρ.</em></strong></span> <span class='ocrx_word' id='word_1_150' title='bbox 1188 2646 1318 2714; x_wconf 76' lang='lat' dir='ltr'><strong>Veteres</strong></span> 
     </span>
     <span class='ocr_line' id='line_1_21' title="bbox 127 2754 1319 2841; baseline -0.002 -19"><span class='ocrx_word' id='word_1_151' title='bbox 127 2775 234 2822; x_wconf 81' lang='lat' dir='ltr'><strong>omnes</strong></span> <span class='ocrx_word' id='word_1_152' title='bbox 265 2756 300 2819; x_wconf 92' lang='lat' dir='ltr'><strong>in</strong></span> <span class='ocrx_word' id='word_1_153' title='bbox 331 2754 470 2841; x_wconf 86' lang='lat' dir='ltr'><strong>perfecto</strong></span> <span class='ocrx_word' id='word_1_154' title='bbox 505 2755 667 2832; x_wconf 75' lang='grc' dir='ltr'><strong><em>τετρῦσθαι</em></strong></span> <span class='ocrx_word' id='word_1_155' title='bbox 704 2754 868 2839; x_wconf 80' lang='lat' dir='ltr'><strong>dicebant,</strong></span> <span class='ocrx_word' id='word_1_156' title='bbox 904 2775 966 2821; x_wconf 87' lang='lat' dir='ltr'><strong>non</strong></span> <span class='ocrx_word' id='word_1_157' title='bbox 1000 2755 1228 2834; x_wconf 83' lang='grc' dir='ltr'><strong><em>τεπρνχῦοθαι,</em></strong></span> <span class='ocrx_word' id='word_1_158' title='bbox 1263 2754 1319 2820; x_wconf 80' lang='lat' dir='ltr'><strong>aed</strong></span> 
     </span>
    </p>
   </div>
   <div class='ocr_carea' id='block_1_5' title="bbox 128 2858 1316 3056">
    <p class='ocr_par' dir='ltr' id='par_1_5' title="bbox 128 2858 1316 3056">
     <span class='ocr_line' id='line_1_22' title="bbox 129 2858 1316 2948; baseline -0.003 -21"><span class='ocrx_word' id='word_1_159' title='bbox 129 2859 258 2927; x_wconf 85' lang='lat' dir='ltr'><strong>turbant</strong></span> <span class='ocrx_word' id='word_1_160' title='bbox 288 2863 322 2927; x_wconf 89' lang='lat' dir='ltr'><strong>in</strong></span> <span class='ocrx_word' id='word_1_161' title='bbox 351 2861 403 2926; x_wconf 82' lang='lat' dir='ltr'><strong>hia</strong></span> <span class='ocrx_word' id='word_1_162' title='bbox 434 2858 586 2928; x_wconf 80' lang='lat' dir='ltr'><strong>Graeculi</strong></span> <span class='ocrx_word' id='word_1_163' title='bbox 618 2861 659 2927; x_wconf 84' lang='lat' dir='ltr'><strong>ad</strong></span> <span class='ocrx_word' id='word_1_164' title='bbox 689 2881 781 2926; x_wconf 80' lang='lat' dir='ltr'><strong>suam</strong></span> <span class='ocrx_word' id='word_1_165' title='bbox 811 2860 967 2938; x_wconf 73' lang='grc' dir='ltr'><strong><em>συνήθειαν</em></strong></span> <span class='ocrx_word' id='word_1_166' title='bbox 1002 2861 1131 2948; x_wconf 82' lang='lat' dir='ltr'><strong>delapsi.</strong></span> <span class='ocrx_word' id='word_1_167' title='bbox 1168 2861 1208 2927; x_wconf 90' lang='lat' dir='ltr'><strong>cf.</strong></span> <span class='ocrx_word' id='word_1_168' title='bbox 1246 2858 1316 2926; x_wconf 79' lang='lat' dir='ltr'><strong>Ver.</strong></span> 
     </span>
     <span class='ocr_line' id='line_1_23' title="bbox 128 2965 419 3056; baseline 0 -23"><span class='ocrx_word' id='word_1_169' title='bbox 128 2967 219 3034; x_wconf 75' lang='lat' dir='ltr'><strong>lectt.</strong></span> <span class='ocrx_word' id='word_1_170' title='bbox 244 2987 318 3056; x_wconf 83' lang='lat' dir='ltr'><strong>pag.</strong></span> <span class='ocrx_word' id='word_1_171' title='bbox 343 2965 419 3033; x_wconf 81' lang='lat'><strong>526.</strong></span> 
     </span>
    </p>
   </div>
   <div class='ocr_carea' id='block_1_6' title="bbox 131 3174 1320 3478">
    <p class='ocr_par' dir='ltr' id='par_1_6' title="bbox 131 3174 1320 3478">
     <span class='ocr_line' id='line_1_24' title="bbox 171 3174 1318 3265; baseline 0 -22"><span class='ocrx_word' id='word_1_172' title='bbox 171 3177 252 3265; x_wconf 81' lang='lat' dir='ltr'><strong>Peg.</strong></span> <span class='ocrx_word' id='word_1_173' title='bbox 285 3175 378 3243; x_wconf 88' lang='lat'><strong>1408.</strong></span> <span class='ocrx_word' id='word_1_174' title='bbox 412 3174 470 3245; x_wconf 77' lang='grc' dir='ltr'><strong><em>ῦςε</em></strong></span> <span class='ocrx_word' id='word_1_175' title='bbox 493 3177 586 3256; x_wconf 72' lang='grc' dir='ltr'><strong><em>μηδὲν</em></strong></span> <span class='ocrx_word' id='word_1_176' title='bbox 609 3176 648 3244; x_wconf 83' lang='grc' dir='ltr'><strong><em>θον</em></strong></span> <span class='ocrx_word' id='word_1_177' title='bbox 672 3177 814 3256; x_wconf 73' lang='grc' dir='ltr'><strong><em>γενέσθαι</em></strong></span> <span class='ocrx_word' id='word_1_178' title='bbox 839 3178 874 3246; x_wconf 80' lang='grc' dir='ltr'><strong>τῦ</strong></span> <span class='ocrx_word' id='word_1_179' title='bbox 898 3179 950 3244; x_wconf 71' lang='grc' dir='ltr'><strong>διὰ</strong></span> <span class='ocrx_word' id='word_1_180' title='bbox 975 3178 1069 3258; x_wconf 80' lang='grc' dir='ltr'><strong><em>μθοου</em></strong></span> <span class='ocrx_word' id='word_1_181' title='bbox 1093 3179 1170 3245; x_wconf 71' lang='grc' dir='ltr'><strong>ἄλλ’</strong></span> <span class='ocrx_word' id='word_1_182' title='bbox 1194 3178 1258 3256; x_wconf 73' lang='grc' dir='ltr'><strong><em>ἦτοι</em></strong></span> <span class='ocrx_word' id='word_1_183' title='bbox 1282 3179 1318 3245; x_wconf 86' lang='grc' dir='ltr'><strong><em>τθ</em></strong></span> 
     </span>
     <span class='ocr_line' id='line_1_25' title="bbox 131 3282 1320 3374; baseline 0 -25"><span class='ocrx_word' id='word_1_184' title='bbox 131 3283 290 3362; x_wconf 74' lang='grc' dir='ltr'><strong><em>δημοτικὸν</em></strong></span> <span class='ocrx_word' id='word_1_185' title='bbox 321 3282 518 3350; x_wconf 71' lang='grc' dir='ltr'><strong><em>ἀπολωλέναι</em></strong></span> <span class='ocrx_word' id='word_1_186' title='bbox 550 3282 638 3350; x_wconf 74' lang='grc' dir='ltr'><strong><em>ἅπαν</em></strong></span> <span class='ocrx_word' id='word_1_187' title='bbox 669 3285 686 3361; x_wconf 75' lang='grc' dir='ltr'>ἢ</span> <span class='ocrx_word' id='word_1_188' title='bbox 714 3284 792 3370; x_wconf 77' lang='grc' dir='ltr'><strong><em>(οῦδὲ</em></strong></span> <span class='ocrx_word' id='word_1_189' title='bbox 817 3285 887 3351; x_wconf 87' lang='lat' dir='ltr'><strong>edd.</strong></span> <span class='ocrx_word' id='word_1_190' title='bbox 913 3285 1042 3374; x_wconf 83' lang='lat' dir='ltr'><strong>Reiske)</strong></span> <span class='ocrx_word' id='word_1_191' title='bbox 1069 3286 1104 3352; x_wconf 78' lang='grc' dir='ltr'><strong>τὸ</strong></span> <span class='ocrx_word' id='word_1_192' title='bbox 1128 3292 1186 3351; x_wconf 82' lang='grc' dir='ltr'><strong>τῶν</strong></span> <span class='ocrx_word' id='word_1_193' title='bbox 1210 3308 1320 3366; x_wconf 87' lang='grc' dir='ltr'><strong><em>πατρι-</em></strong></span> 
     </span>
     <span class='ocr_line' id='line_1_26' title="bbox 131 3389 1318 3478; baseline 0.001 -21"><span class='ocrx_word' id='word_1_194' title='bbox 131 3389 199 3458; x_wconf 84' lang='grc' dir='ltr'><strong><em>κίον</em></strong></span> <span class='ocrx_word' id='word_1_195' title='bbox 221 3393 458 3475; x_wconf 66' lang='grc' dir='ltr'><strong><em>περιλελεῖφθαι</em></strong></span> <span class='ocrx_word' id='word_1_196' title='bbox 483 3389 578 3470; x_wconf 77' lang='grc' dir='ltr'><strong><em>μένοι.</em></strong></span> <span class='ocrx_word' id='word_1_197' title='bbox 614 3391 678 3458; x_wconf 88' lang='lat' dir='ltr'><strong>Pro</strong></span> <span class='ocrx_word' id='word_1_198' title='bbox 701 3390 769 3457; x_wconf 77' lang='grc' dir='ltr'><strong>οὐδέ</strong></span> <span class='ocrx_word' id='word_1_199' title='bbox 792 3395 996 3478; x_wconf 77' lang='lat' dir='ltr'><strong>perspicuum</strong></span> <span class='ocrx_word' id='word_1_200' title='bbox 1020 3398 1068 3459; x_wconf 82' lang='lat' dir='ltr'><strong>est</strong></span> <span class='ocrx_word' id='word_1_201' title='bbox 1091 3391 1168 3471; x_wconf 66' lang='grc' dir='ltr'><strong>μηδὲ</strong></span> <span class='ocrx_word' id='word_1_202' title='bbox 1188 3393 1318 3478; x_wconf 86' lang='lat' dir='ltr'><strong>requiri.</strong></span> 
     </span>
    </p>
   </div>
   <div class='ocr_carea' id='block_1_7' title="bbox 130 3600 1323 4320">
    <p class='ocr_par' dir='ltr' id='par_1_7' title="bbox 130 3600 1322 4115">
     <span class='ocr_line' id='line_1_27' title="bbox 174 3600 1321 3690; baseline -0.002 -22"><span class='ocrx_word' id='word_1_203' title='bbox 174 3601 296 3669; x_wconf 81' lang='lat' dir='ltr'><strong>Vitiose</strong></span> <span class='ocrx_word' id='word_1_204' title='bbox 328 3602 452 3667; x_wconf 87' lang='lat' dir='ltr'><strong>dictum</strong></span> <span class='ocrx_word' id='word_1_205' title='bbox 480 3605 527 3667; x_wconf 81' lang='lat' dir='ltr'><strong>est</strong></span> <span class='ocrx_word' id='word_1_206' title='bbox 550 3622 624 3690; x_wconf 79' lang='lat' dir='ltr'><strong>pag.</strong></span> <span class='ocrx_word' id='word_1_207' title='bbox 651 3600 750 3667; x_wconf 82' lang='lat'><strong>1408.</strong></span> <span class='ocrx_word' id='word_1_208' title='bbox 774 3604 806 3668; x_wconf 88' lang='grc' dir='ltr'><strong>οῦ</strong></span> <span class='ocrx_word' id='word_1_209' title='bbox 831 3602 894 3682; x_wconf 72' lang='grc' dir='ltr'><strong>γὰρ</strong></span> <span class='ocrx_word' id='word_1_210' title='bbox 918 3601 1011 3668; x_wconf 80' lang='grc' dir='ltr'><strong><em>θον-</em></strong></span> <span class='ocrx_word' id='word_1_211' title='bbox 1029 3602 1228 3684; x_wconf 76' lang='grc' dir='ltr'><strong><em>παρίσχομεν</em></strong></span> <span class='ocrx_word' id='word_1_212' title='bbox 1252 3601 1321 3667; x_wconf 79' lang='grc' dir='ltr'><strong><em>ἔαυ-</em></strong></span> 
     </span>
     <span class='ocr_line' id='line_1_28' title="bbox 130 3708 1322 3785; baseline 0 -11"><span class='ocrx_word' id='word_1_213' title='bbox 130 3709 197 3782; x_wconf 81' lang='grc' dir='ltr'><strong><em>τοὺς</em></strong></span> <span class='ocrx_word' id='word_1_214' title='bbox 232 3710 257 3774; x_wconf 87' lang='lat' dir='ltr'><strong>ci</strong></span> <span class='ocrx_word' id='word_1_215' title='bbox 290 3708 346 3785; x_wconf 79' lang='grc' dir='ltr'><strong>μὲν</strong></span> <span class='ocrx_word' id='word_1_216' title='bbox 378 3710 519 3773; x_wconf 84' lang='grc' dir='ltr'><strong><em>ἐκπεσεῖν</em></strong></span> <span class='ocrx_word' id='word_1_217' title='bbox 550 3709 577 3773; x_wconf 85' lang='grc' dir='ltr'><strong>οἱ</strong></span> <span class='ocrx_word' id='word_1_218' title='bbox 608 3708 634 3773; x_wconf 74' lang='grc' dir='ltr'><strong>δ’</strong></span> <span class='ocrx_word' id='word_1_219' title='bbox 666 3710 838 3774; x_wconf 71' lang='grc' dir='ltr'><strong><em>ἀποθανεῖν.</em></strong></span> <span class='ocrx_word' id='word_1_220' title='bbox 886 3710 1010 3775; x_wconf 81' lang='lat' dir='ltr'><strong>Natura</strong></span> <span class='ocrx_word' id='word_1_221' title='bbox 1040 3713 1086 3776; x_wconf 88' lang='lat' dir='ltr'><strong>rei</strong></span> <span class='ocrx_word' id='word_1_222' title='bbox 1117 3715 1148 3775; x_wconf 86' lang='lat' dir='ltr'><strong>et</strong></span> <span class='ocrx_word' id='word_1_223' title='bbox 1176 3714 1322 3776; x_wconf 78' lang='lat' dir='ltr'><strong>constans</strong></span> 
     </span>
     <span class='ocr_line' id='line_1_29' title="bbox 132 3813 1320 3899; baseline 0 -19"><span class='ocrx_word' id='word_1_224' title='bbox 132 3836 205 3881; x_wconf 82' lang='lat' dir='ltr'><strong>usus</strong></span> <span class='ocrx_word' id='word_1_225' title='bbox 237 3813 392 3887; x_wconf 71' lang='lat' dir='ltr'><strong>Veterum</strong></span> <span class='ocrx_word' id='word_1_226' title='bbox 427 3816 592 3899; x_wconf 87' lang='lat' dir='ltr'><strong>requirunt</strong></span> <span class='ocrx_word' id='word_1_227' title='bbox 625 3815 723 3881; x_wconf 86' lang='lat' dir='ltr'><strong>verbe</strong></span> <span class='ocrx_word' id='word_1_228' title='bbox 757 3817 862 3880; x_wconf 83' lang='lat' dir='ltr'><strong>activa</strong></span> <span class='ocrx_word' id='word_1_229' title='bbox 894 3817 919 3880; x_wconf 86' lang='grc' dir='ltr'><strong>οί</strong></span> <span class='ocrx_word' id='word_1_230' title='bbox 947 3817 1004 3894; x_wconf 75' lang='grc' dir='ltr'><strong>μὲν</strong></span> <span class='ocrx_word' id='word_1_231' title='bbox 1036 3817 1202 3895; x_wconf 78' lang='grc' dir='ltr'><strong><em>ἐκβαλεῖν,</em></strong></span> <span class='ocrx_word' id='word_1_232' title='bbox 1235 3817 1261 3880; x_wconf 92' lang='grc' dir='ltr'><strong>οί</strong></span> <span class='ocrx_word' id='word_1_233' title='bbox 1293 3815 1320 3880; x_wconf 72' lang='grc' dir='ltr'><strong>δ’</strong></span> 
     </span>
     <span class='ocr_line' id='line_1_30' title="bbox 130 3920 1320 4003; baseline 0.001 -17"><span class='ocrx_word' id='word_1_234' title='bbox 130 3923 329 3997; x_wconf 77' lang='grc' dir='ltr'><strong><em>οῦποκτεῦκοιι,</em></strong></span> <span class='ocrx_word' id='word_1_235' title='bbox 363 3926 401 3986; x_wconf 86' lang='lat' dir='ltr'><strong>ut</strong></span> <span class='ocrx_word' id='word_1_236' title='bbox 430 3924 465 3985; x_wconf 87' lang='lat' dir='ltr'><strong>in</strong></span> <span class='ocrx_word' id='word_1_237' title='bbox 495 3920 644 4003; x_wconf 76' lang='grc' dir='ltr'><strong><em>παρέχειν</em></strong></span> <span class='ocrx_word' id='word_1_238' title='bbox 678 3920 787 3986; x_wconf 77' lang='grc' dir='ltr'><strong><em>ἑαυτὸν</em></strong></span> <span class='ocrx_word' id='word_1_239' title='bbox 820 3920 941 3999; x_wconf 78' lang='grc' dir='ltr'><strong><em>τέμνειν</em></strong></span> <span class='ocrx_word' id='word_1_240' title='bbox 964 3922 1016 3987; x_wconf 77' lang='grc' dir='ltr'><strong><em>καὶ</em></strong></span> <span class='ocrx_word' id='word_1_241' title='bbox 1041 3925 1127 3990; x_wconf 82' lang='grc' dir='ltr'><strong><em>κοθεικ</em></strong></span> <span class='ocrx_word' id='word_1_242' title='bbox 1151 3928 1183 3990; x_wconf 87' lang='lat' dir='ltr'><strong>et</strong></span> <span class='ocrx_word' id='word_1_243' title='bbox 1207 3920 1320 3988; x_wconf 83' lang='lat' dir='ltr'><strong>simili·</strong></span> 
     </span>
     <span class='ocr_line' id='line_1_31' title="bbox 130 4027 1321 4115; baseline 0 -22"><span class='ocrx_word' id='word_1_244' title='bbox 130 4028 190 4093; x_wconf 80' lang='lat' dir='ltr'><strong>bus</strong></span> <span class='ocrx_word' id='word_1_245' title='bbox 212 4028 380 4110; x_wconf 84' lang='lat' dir='ltr'><strong>omnibus,</strong></span> <span class='ocrx_word' id='word_1_246' title='bbox 405 4027 459 4092; x_wconf 84' lang='lat' dir='ltr'><strong>sed</strong></span> <span class='ocrx_word' id='word_1_247' title='bbox 481 4030 582 4112; x_wconf 81' lang='lat' dir='ltr'><strong>ipsius</strong></span> <span class='ocrx_word' id='word_1_248' title='bbox 605 4028 753 4115; x_wconf 82' lang='lat' dir='ltr'><strong>Dionysii</strong></span> <span class='ocrx_word' id='word_1_249' title='bbox 778 4028 831 4093; x_wconf 89' lang='lat' dir='ltr'><strong>hic</strong></span> <span class='ocrx_word' id='word_1_250' title='bbox 855 4050 939 4095; x_wconf 86' lang='lat' dir='ltr'><strong>error</strong></span> <span class='ocrx_word' id='word_1_251' title='bbox 963 4035 1029 4115; x_wconf 81' lang='lat' dir='ltr'><strong>est,</strong></span> <span class='ocrx_word' id='word_1_252' title='bbox 1048 4050 1111 4095; x_wconf 91' lang='lat' dir='ltr'><strong>non</strong></span> <span class='ocrx_word' id='word_1_253' title='bbox 1134 4030 1321 4096; x_wconf 81' lang='lat' dir='ltr'><strong>scribarum.</strong></span> 
     </span>
    </p>

    <p class='ocr_par' dir='ltr' id='par_1_8' title="bbox 133 4133 1323 4320">
     <span class='ocr_line' id='line_1_32' title="bbox 175 4133 1323 4223; baseline 0.001 -24"><span class='ocrx_word' id='word_1_254' title='bbox 175 4133 329 4200; x_wconf 80' lang='lat' dir='ltr'><strong>Eiusdem</strong></span> <span class='ocrx_word' id='word_1_255' title='bbox 349 4135 430 4200; x_wconf 86' lang='lat' dir='ltr'><strong>vitio</strong></span> <span class='ocrx_word' id='word_1_256' title='bbox 452 4134 577 4199; x_wconf 85' lang='lat' dir='ltr'><strong>tumida</strong></span> <span class='ocrx_word' id='word_1_257' title='bbox 597 4140 629 4199; x_wconf 90' lang='lat' dir='ltr'><strong>et</strong></span> <span class='ocrx_word' id='word_1_258' title='bbox 648 4137 756 4220; x_wconf 85' lang='lat' dir='ltr'><strong>inepta</strong></span> <span class='ocrx_word' id='word_1_259' title='bbox 775 4140 850 4200; x_wconf 84' lang='lat' dir='ltr'><strong>nete</strong></span> <span class='ocrx_word' id='word_1_260' title='bbox 870 4137 971 4202; x_wconf 87' lang='lat' dir='ltr'><strong>estin</strong></span> <span class='ocrx_word' id='word_1_261' title='bbox 991 4157 1056 4223; x_wconf 80' lang='lat' dir='ltr'><strong>sqq.</strong></span> <span class='ocrx_word' id='word_1_262' title='bbox 1079 4139 1196 4203; x_wconf 83' lang='lat' dir='ltr'><strong>oratio:</strong></span> <span class='ocrx_word' id='word_1_263' title='bbox 1215 4135 1323 4215; x_wconf 79' lang='grc' dir='ltr'><strong><em>μίμνον</em></strong></span> 
     </span>
     <span class='ocr_line' id='line_1_33' title="bbox 133 4237 797 4320; baseline 0.003 -16"><span class='ocrx_word' id='word_1_264' title='bbox 133 4237 265 4318; x_wconf 77' lang='grc' dir='ltr'><strong><em>αἵματος</em></strong></span> <span class='ocrx_word' id='word_1_265' title='bbox 290 4247 426 4320; x_wconf 79' lang='grc' dir='ltr'><strong><em>κρατῆρα</em></strong></span> <span class='ocrx_word' id='word_1_266' title='bbox 451 4244 608 4304; x_wconf 81' lang='grc' dir='ltr'><strong><em>πολιτικοῦ</em></strong></span> <span class='ocrx_word' id='word_1_267' title='bbox 633 4241 797 4316; x_wconf 80' lang='grc' dir='ltr'><strong><em>ςθοαντες.</em></strong></span> 
     </span>
    </p>
   </div>
   <div class='ocr_carea' id='block_1_8' title="bbox 177 4449 1323 4539">
    <p class='ocr_par' dir='ltr' id='par_1_9' title="bbox 177 4449 1323 4539">
     <span class='ocr_line' id='line_1_34' title="bbox 177 4449 1323 4539; baseline 0.005 -23"><span class='ocrx_word' id='word_1_268' title='bbox 177 4450 257 4539; x_wconf 79' lang='lat' dir='ltr'><strong>Pag.</strong></span> <span class='ocrx_word' id='word_1_269' title='bbox 292 4449 390 4518; x_wconf 88' lang='grc'><strong>1400.</strong></span> <span class='ocrx_word' id='word_1_270' title='bbox 424 4455 514 4535; x_wconf 74' lang='grc' dir='ltr'><strong><em>τῖφος</em></strong></span> <span class='ocrx_word' id='word_1_271' title='bbox 552 4450 761 4533; x_wconf 79' lang='grc' dir='ltr'><strong><em>οίνθρθπνον-</em></strong></span> <span class='ocrx_word' id='word_1_272' title='bbox 776 4456 850 4535; x_wconf 81' lang='grc' dir='ltr'><strong><em>παρ’</em></strong></span> <span class='ocrx_word' id='word_1_273' title='bbox 887 4453 985 4534; x_wconf 79' lang='grc' dir='ltr'><strong><em>ἑαυτῷ</em></strong></span> <span class='ocrx_word' id='word_1_274' title='bbox 1020 4449 1111 4532; x_wconf 75' lang='grc' dir='ltr'><strong><em>ἔχων.</em></strong></span> <span class='ocrx_word' id='word_1_275' title='bbox 1158 4451 1323 4522; x_wconf 80' lang='lat' dir='ltr'><strong>Usitctum</strong></span> 
     </span>
    </p>
   </div>
   <div class='ocr_carea' id='block_1_9' title="bbox 0 0 1558 5004">
    <p class='ocr_par' dir='ltr' id='par_1_10' title="bbox 0 0 1558 5004">
     <span class='ocr_line' id='line_1_35' title="bbox 0 0 1558 5004; baseline 0 0"><span class='ocrx_word' id='word_1_276' title='bbox 0 0 1558 5004; x_wconf 95' lang='lat' dir='ltr'><strong> </strong></span> 
     </span>
    </p>
   </div>
  </div>
 </body>
</html>
