3076 5004
762 262 781 332 6
901 351 902 354 ¹

173 463 311 549 speciem
334 461 435 527 secuti
458 480 496 525 ex
519 460 636 525 aoristo
657 459 736 524 ἑλεῖν
757 463 789 524 11
809 457 930 524 isiodus
948 477 1065 525 noram
1084 455 1243 524 finxerunt
1261 448 1362 524 futuri

171 569 308 634 formam
336 568 393 632 ἐλῶ
423 571 455 632 11
488 566 633 651 ἑλοῦμαι,
664 568 755 632 cuius
786 565 875 652 apud·
898 564 1093 651 Dionysium
1115 565 1192 629 haec
1217 563 1363 649 exempla

171 676 254 741 vide.

264 802 339 869 pag.
379 779 455 846 819.
481 778 699 858 μεσοβασιλέα
720 781 863 860 ἑλοῦμαι.

277 897 333 953 ΙΘ.
380 885 457 952 248.
482 888 610 968 ἀφελεῖ.

358 991 458 1059 2122.
482 994 663 1072 ἀφελεῖται.

358 1097 459 1167 2170.
482 1099 662 1181 α’φελεῖσθε.

382 1203 457 1269 310.
483 1203 697 1284 ἀφελούμεθα.

361 1311 459 1404 1132.
483 1311 702 1393 ἀφελούμενοι.

360 1417 459 1483 1626.
484 1417 598 1482 ἀνελεῖ.

358 1523 457 1589 2198.
482 1525 661 1600 οὶνελοῦμεν.

361 1629 457 1695 1581.
483 1628 678 1696 ἀνελούντων.

244 1735 318 1803 785.
380 1735 455 1802 786.
480 1736 639 1801 διελεῖται.

358 1842 456 1910 1443.
482 1843 590 1922 ἐξελεῖ.

223 1948 321 2015 1719.
357 1949 458 2016 2110.
483 1950 667 2027 ἐξελοῦντες.

380 2055 456 2122 288.
482 2054 683 2134 ἐξελούμενοι.
709 2055 765 2121 alii
789 2053 971 2133 ἀξιούμενοι.

358 2161 456 2228 1813.
482 2164 694 2236 καθελοῦντες.

360 2266 457 2333 1087.
482 2271 685 2349 προελεῖσθαι.

218 2374 348 2440 Praeter
378 2375 436 2439 has
465 2375 583 2440 formas
612 2376 751 2441 novitias
783 2379 815 2440 et
837 2376 969 2442 vitiosas
991 2375 1165 2463 Dionysius
1188 2377 1363 2441 sexcenties

173 2482 276 2544 utitur
299 2480 411 2546 formis
435 2483 573 2567 antiquis
593 2487 625 2546 11
645 2483 767 2567 probis,
788 2486 820 2546 et
840 2481 935 2548 modo
954 2482 1083 2548 Veteres
1102 2485 1248 2548 imitatur
1269 2482 1364 2547 modo

171 2607 352 2672 perversam
384 2587 567 2673 aequalium
595 2591 753 2665 συνήθειαν
785 2590 940 2673 sequitur.
986 2588 1076 2654 Idem
1107 2609 1199 2673 saepe
1227 2589 1305 2653 facit
1331 2591 1365 2653 in

173 2694 262 2774 aliis,
287 2694 325 2760 de
349 2694 465 2779 quibus
487 2695 570 2758 infra
593 2697 653 2759 1111
675 2694 801 2760 dicendi
823 2692 922 2759 locus.

219 2905 331 2971 Oratio
362 2925 423 2990 qua
453 2905 627 2992 Dionysius
656 2908 760 2971 utitur
791 2908 965 2971 maximam
996 2908 1120 2991 partem
1151 2908 1296 2973 manavit
1327 2928 1365 2972 ex

176 3010 311 3078 lectione
341 3016 487 3077 veterum
511 3015 720 3096 scriptorum,
744 3015 779 3077 in
803 3013 917 3098 quibus
941 3014 1027 3076 totus
1048 3011 1152 3076 fuerat
1176 3018 1365 3096 anteaquam

178 3119 416 3203 antiquissimae
433 3120 584 3184 historiae
605 3118 767 3184 Romanae
787 3117 1027 3184 conscribendae
1048 3122 1173 3203 ceperat
1185 3118 1366 3184 consilium.

178 3222 321 3288 Conflata
352 3229 399 3288 est
427 3226 529 3311 igitur
559 3223 708 3310 Dionysii
740 3225 837 3290 dictio
861 3246 900 3290 ex
924 3227 1045 3310 optimo
1069 3245 1193 3310 quoque
1216 3227 1367 3309 scriptore

178 3332 301 3405 Attico,
330 3331 388 3410 ¹sed
417 3329 522 3394 multa
553 3333 675 3415 politica
704 3334 736 3394 11
766 3329 948 3397 Herodotea
974 3332 1015 3395 iis
1039 3331 1225 3408 admiscuit,
1252 3331 1367 3414 quibus

179 3441 345 3521 tamquam
376 3435 553 3524 gemmulis
582 3456 639 3501 sua
663 3438 780 3521 scripta
803 3437 999 3524 distinguere
1023 3442 1054 3502 et
1078 3457 1187 3501 ornare
1206 3458 1239 3501 se
1263 3437 1367 3502 crede-

180 3543 253 3621 bat,
285 3546 386 3628 iisque
417 3563 479 3608 non
509 3563 610 3627 pauca
639 3541 764 3626 plebeia
787 3547 819 3608 11
842 3542 880 3607 de
904 3543 1001 3608 trivio
1025 3547 1133 3606 sumta
1155 3545 1311 3626 intexuit,
1336 3529 1382 3607 etx

179 3650 214 3712 in
240 3647 292 3714 his
315 3648 532 3734 compluscula
555 3669 573 3713 a
595 3647 748 3713 Romanis
770 3647 855 3713 male
878 3645 997 3715 Graece
1017 3647 1220 3732 loquentibus
1242 3652 1367 3726 sumta,

181 3756 373 3839 quibuscum
396 3758 444 3820 tot
467 3775 522 3838 per
545 3775 642 3820 annos
665 3753 785 3819 Romae
809 3775 872 3820 una
894 3756 1028 3820 vixerat.

226 3861 375 3927 Indicabo
398 3862 541 3944 primum
564 3862 737 3947 insigniora
764 3861 937 3945 quaedam,
958 3881 1059 3945 pauca
1079 3861 1117 3925 de
1136 3859 1266 3938 multis,
1289 3881 1368 3946 quae

183 3989 221 4032 11
251 3967 365 4054 lingua
394 3966 567 4031 Homerica
598 3976 654 4032 aut
684 3967 865 4033 Herodotea
895 3972 1060 4052 tamquam
1086 3967 1211 4031 lumina
1234 3968 1370 4032 orationi

182 4095 257 4140 suae
279 4072 487 4139 illustrandae
510 4073 674 4150 adhibuit,
697 4074 809 4138 deinde
833 4073 997 4138 ostendam
1022 4093 1101 4157 quae
1126 4094 1164 4137 ex
1187 4092 1284 4157 prava
1307 4070 1369 4136 Ro-

180 4188 349 4246 manorum
381 4179 505 4243 dicendi
537 4180 764 4245 consuetudine.
793 4179 887 4265 plane
919 4179 1118 4243 abhorrentia
1150 4179 1188 4243 ab
1221 4181 1370 4264 antiquae

181 4282 373 4353 Graecitatis
395 4289 515 4350 ratione
539 4292 571 4351 11
594 4308 655 4352 usu
679 4286 961 4367 pressuspressus
985 4285 1102 4365 χρόνιος
1127 4285 1164 4348 ὢν
1190 4284 1219 4347 ἕν
1242 4285 1369 4364 {duplici-

177 4417 235 4479 ροις
264 4394 298 4458 in
329 4413 421 4460 suam
456 4393 627 4460 dictionem
663 4396 811 4459 incautus
845 4394 1008 4477 receperit.
1064 4391 1372 4480 simplicissimum,
