3076 5004
823 302 866 375 88

256 493 422 573 Ῥωμαίους
454 496 641 577 τρεψάμενοι
672 497 779 583 (μέχρι
812 506 870 564 τῶν
900 494 1024 583 τειχῶν)
1057 495 1110 559 καί
1134 493 1267 567 πολλοὺς
1290 487 1444 570 καταβα-

254 601 358 674 λόντες
390 602 484 674 ιῖδεῶς
516 605 571 676 τὴν
599 606 705 685 χώραν
737 604 892 684 ἐπόρθουν,
919 601 1070 674 πολλοίκις
1095 603 1126 666 δὲ
1151 604 1176 667 οἱ
1201 605 1344 678 Ῥωμαῖοι
1368 597 1442 670 τοὺς

255 708 389 786 Γαβίους
421 707 570 784 ὥσοίμενοι
603 710 656 775 καί
687 711 955 782 κατακλείσαντες
987 709 1028 779 εἰς
1053 709 1107 782 τὴν
1131 707 1219 773 πόλιν
1244 706 1307 771 κτὲ.
1355 705 1443 770 Loco

254 820 342 879 mota
365 819 440 878 eunt
462 817 559 882 verba
579 816 673 897 μέχρι
697 823 755 881 τῶν
778 825 907 897 τειχῶν,
932 835 1012 900 quae
1035 834 1097 880 non
1120 818 1252 899 possunt
1275 813 1313 879 de
1336 812 1443 876 muris

253 920 342 984 urbis
364 920 485 986 Romae
505 921 648 1010 intelligi
675 927 803 987 centurn
823 923 999 1003 stadiorum
1018 919 1187 986 intervallo
1205 923 1355 985 remotae.
1387 915 1441 981 In·
1476 922 1478 926 ’

249 1026 383 1091 serenda
405 1031 480 1090 aunt
502 1031 574 1113 post
596 1028 665 1101 τοὺς
689 1027 834 1105 Γαβίους.

298 1233 376 1321 Pag.
412 1232 486 1302 774.
519 1235 576 1308 τοῖς
609 1235 687 1309 ἰδίας
720 1234 832 1330 ἔχθρας
863 1231 1344 1312 ε’λπίσαντες-διαλύσΑσίαι,
1369 1235 1441 1300 imo

253 1361 328 1408 vere
360 1341 585 1417 διαλύοεσίαις
616 1363 707 1428 saepe
739 1364 758 1408 a
787 1341 965 1429 Stephane,
997 1339 1145 1417 Reielri0,
1177 1339 1250 1404 aliis
1280 1344 1442 1405 eorreetus

253 1465 337 1511 error
360 1451 467 1513 tamen
489 1448 542 1512 hie
563 1447 631 1513 illie
653 1450 858 1535 pertinaciter
881 1447 1033 1520 adhaesit.

296 1655 376 1743 Peg.
410 1653 486 1724 777.
516 1658 769 1740 καταπεφευγὼς
803 1659 845 1728 είς
874 1658 929 1731 τὴν
958 1653 1075 1720 ἐκείνων
1106 1653 1190 1722 πίςιν
1220 1674 1283 1718 non
1314 1651 1439 1720 Graeco

192 1783 194 1786 ’
250 1779 338 1826 more
368 1761 423 1826 sed
451 1761 565 1828 Latino
596 1765 804 1830 dictumest.
851 1762 972 1829 Deinde
994 1764 1029 1826 in
1051 1760 1174 1827 verbis:
1200 1761 1254 1835 τήν
1278 1784 1311 1826 τε
1335 1761 1438 1841 οῖρχῖρν

250 1860 367 1943 ἕτοιμος
399 1860 431 1940 ἦν
454 1867 620 1934 ιῖποίέοίιιι
644 1871 695 1935 καὶ
721 1869 788 1950 πρὶν
813 1871 829 1946 ἢ
855 1870 962 1933 παίεῖν
985 1890 1015 1933 τι
1040 1867 1131 1931 δεινὸν
1155 1866 1296 1947 οὶπαίρειν
1319 1867 1354 1932 ἐκ
1378 1875 1437 1942 τοῖς

251 1971 367 2043 τέλεος
391 1973 581 2058 [ἕβούλετο],
605 1975 760 2042 ultimum
783 1974 976 2042 vocabulum
999 1975 1145 2059 spurium
1169 1978 1224 2038 est.

296 2181 378 2268 Pag.
413 2179 489 2247 778.
520 2182 668 2254 ε’πιεολίις
698 2181 946 2261 σεσημειωμένας
977 2191 1015 2263 api
1049 2186 1101 2245 τοῦ
1133 2183 1249 2262 πατρίς
1283 2184 1463 2264 σφραγῖδί

250 2286 423 2365 λαβόντας.
469 2286 542 2352 Non
573 2293 661 2351 erant
690 2288 750 2353 hae
774 2287 924 2373 epistolae
946 2288 1046 2372 patrie
1069 2287 1178 2374 sigillo
1200 2296 1319 2354 notatae
1342 2314 1436 2366 σεσυ-

251 2393 434 2470 μειοομέναι,
459 2393 514 2457 sed
536 2393 703 2474 οὐκίραοίοο
725 2391 983 2472 σεσνμΑΟμέναι.

295 2603 377 2689 Peg.
401 2599 476 2668 779.
502 2602 557 2666 iau
580 2602 611 2668 δὲ
634 2601 784 2675 οὶδιίνατος
808 2601 825 2684 ᾖ
849 2607 939 2668 τοῦτο
963 2603 1084 2688 [ποιεῖν]
1109 2605 1163 2677 τὴν
1187 2607 1330 2686 κεφαλὴν
1358 2607 1437 2673 νῖπο-

249 2708 387 2786 τεμίνπα
422 2709 559 2785 πέμψαι.
613 2707 662 2773 De
692 2729 749 2773 suo
781 2708 894 2773 Editor
928 2717 1022 2774 ποιεῖν
1057 2709 1191 2776 addidit.
1245 2710 1353 2777 Satius
1388 2719 1437 2779 est

251 2817 423 2900 corrigere:
449 2814 502 2878 ἐὰν
527 2813 558 2877 δὲ
581 2813 765 2879 αδύνατΟΝ
790 2810 807 2895 ᾖ
832 2818 929 2878 τοῦτο.

294 3026 373 3111 Peg.
400 3022 475 3090 781.
498 3020 528 3088 7.
552 3021 715 3100 βασιλικὸν
737 3024 770 3087 ἐκ
789 3028 963 3103 τυραννικοῦ
983 3022 1118 3103 τρίπΟΤ
1138 3023 1341 3103 μεταλαβών.
1376 3026 1436 3093 Est

249 3132 327 3196 haee
358 3131 472 3214 optimi
502 3127 627 3195 Codicis
649 3131 788 3214 pessima
811 3129 916 3194 lectio.
963 3127 1046 3195 Sane
1069 3136 1117 3195 eet
1139 3131 1273 3219 vulgate
1294 3131 1435 3214 τρέπΟΝ

249 3244 281 3302 et
304 3234 357 3301 vel
379 3243 487 3300 eontra
510 3235 608 3301 libros
631 3255 741 3300 omnes
763 3238 809 3300 sie
822 3241 900 3327 erat
923 3235 1168 3301 emendandum.

292 3446 373 3533 Peg.
407 3444 482 3512 782.
513 3443 610 3515 ιῖσπίς
639 3442 744 3520 ξυλίνη
760 3444 1000 3527 -γροίμμασιν
1024 3448 1186 3526 ἀρχαϊκοῖς
1207 3447 1434 3530 ἘΠΙγεγραμ-

246 3552 321 3630 μένος
353 3553 413 3624 τὰς
443 3551 612 3630 γενομένας
644 3553 748 3623 αὐτοῖς
782 3551 963 3630 ὁμολογίας.
1011 3552 1130 3617 Verum
1154 3557 1201 3617 eat
1225 3555 1433 3635 ἘΓγεγραμ-

246 3658 342 3738 μένκ,
366 3659 401 3723 id
423 3665 472 3724 est
494 3656 761 3737 ἐγγεγραμμένας
784 3653 903 3739 ἔχουσα
926 3658 985 3730 πίις
1010 3658 1191 3738 ὁμολογίας.

290 3871 371 3959 Peg.
405 3868 481 3938 785.
504 3869 671 3946 ’Ῥωμαίων
701 3867 847 3950 πρέσβεις
878 3871 920 3951 τῷ
947 3869 1058 3949 μοίντει
1091 3866 1270 3950 βουλόμενοι
1297 3881 1433 3940 ΕΤΝτυ·

243 3987 327 4060 χεῖν.
376 3975 458 4042 Vera
489 3967 584 4040 lectio
623 3982 670 4041 est
704 3978 892 4056 ἘΝτυχεῖκ
944 3975 1114 4074 Significat
1148 3981 1234 4044 enim
1268 3988 1432 4059 συντυχεῖν

244 4109 315 4150 σανα
337 4082 431 4146 alicui
455 4081 567 4145 obviam
582 4081 677 4164 fieri,
702 4083 842 4160 ἐντυχεῖν
865 4081 924 4146 τινί
948 4083 1074 4166 aliquem
1095 4085 1258 4149 convenire.
1306 4085 1431 4152 Notum

244 4198 291 4256 est
312 4190 341 4253 ἐν
362 4192 393 4254 et
414 4188 468 4252 σύν
488 4187 653 4263 confundi,
675 4189 750 4270 quia
768 4190 802 4250 in
821 4185 919 4253 Godd.
941 4189 1133 4271 quibusdam
1151 4190 1319 4255 simillimo
1332 4192 1432 4257 ductu

242 4297 434 4362 scribuntur.
469 4293 568 4378 Saepe
586 4293 674 4357 idem
693 4295 813 4359 vitium
832 4294 917 4378 apud
932 4293 1124 4380 Dionysium
1141 4298 1362 4383 corrigendum
1379 4319 1431 4363 su·

240 4406 360 4493 pereat,
376 4406 415 4468 ut
431 4402 542 4482 statim
559 4401 593 4468 in
609 4401 743 4467 vicinia:
761 4404 862 4481 πατὴρ
879 4398 950 4482 ἐμός
967 4400 1030 4470 ἐςιν
1044 4396 1065 4482 ᾧ
1078 4401 1211 4485 χρῄζετε
1225 4411 1430 4485 (ἷΤΝινχεῖν.
