<?xml version="1.0" encoding="UTF-8"?>
<!DOCTYPE html PUBLIC "-//W3C//DTD XHTML 1.0 Transitional//EN"
    "http://www.w3.org/TR/xhtml1/DTD/xhtml1-transitional.dtd">
<html xmlns="http://www.w3.org/1999/xhtml" xml:lang="en" lang="en">
 <head>
  <title>
</title>
<meta http-equiv="Content-Type" content="text/html;charset=utf-8" />
  <meta name='ocr-system' content='tesseract 3.04.00' />
  <meta name='ocr-capabilities' content='ocr_page ocr_carea ocr_par ocr_line ocrx_word'/>
</head>
<body>
  <div class='ocr_page' id='page_1' title='image "./observationescr00cobegoog_0052.png"; bbox 0 0 3076 5004; ppageno 0'>
   <div class='ocr_carea' id='block_1_1' title="bbox 652 289 695 358">
    <p class='ocr_par' dir='ltr' id='par_1_1' title="bbox 652 289 695 358">
     <span class='ocr_line' id='line_1_1' title="bbox 652 289 695 358; baseline -0.047 0"><span class='ocrx_word' id='word_1_1' title='bbox 652 289 695 358; x_wconf 83' lang='grc'>29</span> 
     </span>
    </p>
   </div>
   <div class='ocr_carea' id='block_1_2' title="bbox 72 477 1276 782">
    <p class='ocr_par' dir='ltr' id='par_1_2' title="bbox 72 477 1276 782">
     <span class='ocr_line' id='line_1_2' title="bbox 74 477 1276 565; baseline 0.003 -19"><span class='ocrx_word' id='word_1_2' title='bbox 74 477 179 560; x_wconf 69' lang='grc' dir='ltr'><em>ἓσρπῆν</em></span> <span class='ocrx_word' id='word_1_3' title='bbox 202 479 499 561; x_wconf 82' lang='grc' dir='ltr'><em>Ἱπποκρόπειοι</em></span> <span class='ocrx_word' id='word_1_4' title='bbox 521 482 579 559; x_wconf 77' lang='grc' dir='ltr'><em>μὲν</em></span> <span class='ocrx_word' id='word_1_5' title='bbox 605 481 656 546; x_wconf 80' lang='grc' dir='ltr'>ὑπ’</span> <span class='ocrx_word' id='word_1_6' title='bbox 681 479 856 561; x_wconf 68' lang='grc' dir='ltr'>Ἀρκάδων,</span> <span class='ocrx_word' id='word_1_7' title='bbox 883 481 1130 548; x_wconf 80' lang='grc' dir='ltr'><em>Κωνσωόλιοι</em></span> <span class='ocrx_word' id='word_1_8' title='bbox 1160 484 1191 549; x_wconf 73' lang='grc' dir='ltr'>δὲ</span> <span class='ocrx_word' id='word_1_9' title='bbox 1215 486 1276 565; x_wconf 62' lang='grc' dir='ltr'>ὑπὸ</span> 
     </span>
     <span class='ocr_line' id='line_1_3' title="bbox 72 587 1272 680; baseline 0.006 -28"><span class='ocrx_word' id='word_1_10' title='bbox 72 589 223 666; x_wconf 80' lang='grc' dir='ltr'><em>Ρωμοιίων</em></span> <span class='ocrx_word' id='word_1_11' title='bbox 255 587 421 666; x_wconf 84' lang='grc' dir='ltr'><em>ιιεγόμενΛ</em></span> <span class='ocrx_word' id='word_1_12' title='bbox 452 589 686 663; x_wconf 54' lang='lat' dir='ltr'>aurasicanos</span> <span class='ocrx_word' id='word_1_13' title='bbox 723 588 820 656; x_wconf 77' lang='lat' dir='ltr'>Estne</span> <span class='ocrx_word' id='word_1_14' title='bbox 842 592 1047 676; x_wconf 87' lang='lat' dir='ltr'>perspicuum</span> <span class='ocrx_word' id='word_1_15' title='bbox 1073 612 1091 657; x_wconf 92' lang='lat' dir='ltr'>a</span> <span class='ocrx_word' id='word_1_16' title='bbox 1116 591 1272 680; x_wconf 85' lang='lat' dir='ltr'>Dionysio</span> 
     </span>
     <span class='ocr_line' id='line_1_4' title="bbox 74 693 567 782; baseline -0.002 -21"><span class='ocrx_word' id='word_1_17' title='bbox 74 695 275 775; x_wconf 77' lang='grc' dir='ltr'><em>λεγομένΗΝ</em></span> <span class='ocrx_word' id='word_1_18' title='bbox 299 716 366 764; x_wconf 79' lang='lat' dir='ltr'>ease</span> <span class='ocrx_word' id='word_1_19' title='bbox 390 693 567 782; x_wconf 78' lang='lat' dir='ltr'>scriptum?</span> 
     </span>
    </p>
   </div>
   <div class='ocr_carea' id='block_1_3' title="bbox 26 907 1280 1936">
    <p class='ocr_par' dir='ltr' id='par_1_3' title="bbox 26 907 1276 1295">
     <span class='ocr_line' id='line_1_5' title="bbox 126 907 1275 996; baseline 0.003 -24"><span class='ocrx_word' id='word_1_20' title='bbox 126 907 207 996; x_wconf 79' lang='lat' dir='ltr'>Pag.</span> <span class='ocrx_word' id='word_1_21' title='bbox 241 907 295 976; x_wconf 83' lang='lat'>87.</span> <span class='ocrx_word' id='word_1_22' title='bbox 328 908 492 988; x_wconf 81' lang='grc' dir='ltr'><em>ποιρεῑνποοί</em></span> <span class='ocrx_word' id='word_1_23' title='bbox 525 932 604 978; x_wconf 80' lang='grc' dir='ltr'><em>τινες</em></span> <span class='ocrx_word' id='word_1_24' title='bbox 635 908 848 990; x_wconf 68' lang='grc' dir='ltr'>διαφυγοῦσαι</span> <span class='ocrx_word' id='word_1_25' title='bbox 872 909 927 982; x_wconf 79' lang='grc' dir='ltr'>την</span> <span class='ocrx_word' id='word_1_26' title='bbox 949 913 1008 972; x_wconf 81' lang='grc' dir='ltr'>τῶν</span> <span class='ocrx_word' id='word_1_27' title='bbox 1033 908 1275 987; x_wconf 71' lang='grc' dir='ltr'><em>ἐπιγιγνομένων</em></span> 
     </span>
     <span class='ocr_line' id='line_1_6' title="bbox 77 1013 1276 1102; baseline 0.003 -24"><span class='ocrx_word' id='word_1_28' title='bbox 77 1015 205 1091; x_wconf 75' lang='grc' dir='ltr'><em>μνήμην</em></span> <span class='ocrx_word' id='word_1_29' title='bbox 235 1014 315 1079; x_wconf 73' lang='lat' dir='ltr'>&#39;Arri</span> <span class='ocrx_word' id='word_1_30' title='bbox 351 1019 404 1079; x_wconf 76' lang='grc' dir='ltr'>τοῦ</span> <span class='ocrx_word' id='word_1_31' title='bbox 440 1013 523 1079; x_wconf 74' lang='grc' dir='ltr'><em>πάνυ</em></span> <span class='ocrx_word' id='word_1_32' title='bbox 560 1015 703 1096; x_wconf 79' lang='grc' dir='ltr'><em>όρχοιόοω.</em></span> <span class='ocrx_word' id='word_1_33' title='bbox 751 1014 830 1102; x_wconf 81' lang='lat' dir='ltr'>Leg.</span> <span class='ocrx_word' id='word_1_34' title='bbox 865 1016 942 1079; x_wconf 72' lang='grc' dir='ltr'>’Ὑπὸ</span> <span class='ocrx_word' id='word_1_35' title='bbox 977 1019 1040 1079; x_wconf 84' lang='grc' dir='ltr'>τοῦ.</span> <span class='ocrx_word' id='word_1_36' title='bbox 1088 1015 1181 1080; x_wconf 87' lang='lat' dir='ltr'>Nihil</span> <span class='ocrx_word' id='word_1_37' title='bbox 1215 1017 1276 1082; x_wconf 89' lang='lat' dir='ltr'>hoc</span> 
     </span>
     <span class='ocr_line' id='line_1_7' title="bbox 26 1120 1276 1210; baseline 0.002 -24"><span class='ocrx_word' id='word_1_38' title='bbox 26 1207 28 1210; x_wconf 15' lang='grc' dir='ltr'>Ι</span> <span class='ocrx_word' id='word_1_39' title='bbox 77 1120 198 1187; x_wconf 89' lang='lat' dir='ltr'>mendo</span> <span class='ocrx_word' id='word_1_40' title='bbox 227 1122 337 1185; x_wconf 78' lang='lat' dir='ltr'><strong>tritius</strong></span> <span class='ocrx_word' id='word_1_41' title='bbox 367 1131 398 1186; x_wconf 84' lang='lat' dir='ltr'>et</span> <span class='ocrx_word' id='word_1_42' title='bbox 428 1120 512 1185; x_wconf 89' lang='lat' dir='ltr'>nihil</span> <span class='ocrx_word' id='word_1_43' title='bbox 540 1121 600 1185; x_wconf 95' lang='lat' dir='ltr'>hoc</span> <span class='ocrx_word' id='word_1_44' title='bbox 631 1140 734 1185; x_wconf 88' lang='lat' dir='ltr'>errore</span> <span class='ocrx_word' id='word_1_45' title='bbox 764 1121 961 1199; x_wconf 85' lang='lat' dir='ltr'>evidentius,</span> <span class='ocrx_word' id='word_1_46' title='bbox 987 1121 1041 1187; x_wconf 86' lang='lat' dir='ltr'>sed</span> <span class='ocrx_word' id='word_1_47' title='bbox 1060 1121 1143 1186; x_wconf 90' lang='lat' dir='ltr'>nihil</span> <span class='ocrx_word' id='word_1_48' title='bbox 1166 1124 1200 1186; x_wconf 92' lang='lat' dir='ltr'>in</span> <span class='ocrx_word' id='word_1_49' title='bbox 1223 1124 1276 1188; x_wconf 89' lang='lat' dir='ltr'>his</span> 
     </span>
     <span class='ocr_line' id='line_1_8' title="bbox 79 1225 406 1295; baseline -0.015 0"><span class='ocrx_word' id='word_1_50' title='bbox 79 1225 234 1295; x_wconf 77' lang='lat' dir='ltr'>Graeculi</span> <span class='ocrx_word' id='word_1_51' title='bbox 255 1229 406 1293; x_wconf 89' lang='lat' dir='ltr'>sentiunt.</span> 
     </span>
    </p>

    <p class='ocr_par' dir='ltr' id='par_1_4' title="bbox 80 1332 1280 1936">
     <span class='ocr_line' id='line_1_9' title="bbox 127 1332 1277 1420; baseline 0.002 -21"><span class='ocrx_word' id='word_1_52' title='bbox 127 1334 243 1400; x_wconf 88' lang='lat' dir='ltr'>Mirari</span> <span class='ocrx_word' id='word_1_53' title='bbox 274 1333 358 1399; x_wconf 89' lang='lat' dir='ltr'>soleo</span> <span class='ocrx_word' id='word_1_54' title='bbox 391 1353 453 1418; x_wconf 89' lang='lat' dir='ltr'>quo</span> <span class='ocrx_word' id='word_1_55' title='bbox 482 1335 575 1418; x_wconf 89' lang='lat' dir='ltr'>pacto</span> <span class='ocrx_word' id='word_1_56' title='bbox 606 1332 685 1398; x_wconf 89' lang='lat' dir='ltr'>talia</span> <span class='ocrx_word' id='word_1_57' title='bbox 714 1333 860 1399; x_wconf 81' lang='lat' dir='ltr'>Editores</span> <span class='ocrx_word' id='word_1_58' title='bbox 891 1338 1095 1420; x_wconf 80' lang='lat' dir='ltr'><strong>concoquant.</strong></span> <span class='ocrx_word' id='word_1_59' title='bbox 1132 1332 1212 1400; x_wconf 82' lang='grc' dir='ltr'><em>’Τπό</em></span> <span class='ocrx_word' id='word_1_60' title='bbox 1242 1338 1277 1401; x_wconf 92' lang='lat' dir='ltr'>in</span> 
     </span>
     <span class='ocr_line' id='line_1_10' title="bbox 80 1439 1278 1521; baseline 0.002 -15"><span class='ocrx_word' id='word_1_61' title='bbox 80 1440 205 1506; x_wconf 79' lang='lat' dir='ltr'>talibus</span> <span class='ocrx_word' id='word_1_62' title='bbox 234 1439 351 1504; x_wconf 85' lang='lat' dir='ltr'>(licitur</span> <span class='ocrx_word' id='word_1_63' title='bbox 374 1441 468 1503; x_wconf 89' lang='lat' dir='ltr'>utin</span> <span class='ocrx_word' id='word_1_64' title='bbox 492 1440 656 1504; x_wconf 76' lang='grc' dir='ltr'><em>οέποόοινεῖν</em></span> <span class='ocrx_word' id='word_1_65' title='bbox 681 1439 739 1504; x_wconf 83' lang='grc' dir='ltr'>ὑπό</span> <span class='ocrx_word' id='word_1_66' title='bbox 762 1464 860 1517; x_wconf 79' lang='grc' dir='ltr'><em>τινος,</em></span> <span class='ocrx_word' id='word_1_67' title='bbox 887 1450 993 1506; x_wconf 81' lang='grc' dir='ltr'><em>πεσεῖν</em></span> <span class='ocrx_word' id='word_1_68' title='bbox 1017 1440 1077 1506; x_wconf 80' lang='grc' dir='ltr'>ὑπό</span> <span class='ocrx_word' id='word_1_69' title='bbox 1099 1466 1190 1521; x_wconf 85' lang='grc' dir='ltr'><em>τινος,</em></span> <span class='ocrx_word' id='word_1_70' title='bbox 1216 1449 1278 1508; x_wconf 78' lang='grc' dir='ltr'><em>κεῖ-</em></span> 
     </span>
     <span class='ocr_line' id='line_1_11' title="bbox 81 1544 1276 1634; baseline 0.003 -23"><span class='ocrx_word' id='word_1_71' title='bbox 81 1548 154 1611; x_wconf 88' lang='grc' dir='ltr'><em>σόιιι</em></span> <span class='ocrx_word' id='word_1_72' title='bbox 176 1545 235 1611; x_wconf 84' lang='grc' dir='ltr'>ὑπό</span> <span class='ocrx_word' id='word_1_73' title='bbox 252 1569 351 1622; x_wconf 81' lang='grc' dir='ltr'><em>τινος,</em></span> <span class='ocrx_word' id='word_1_74' title='bbox 373 1552 515 1627; x_wconf 80' lang='grc' dir='ltr'><em>χκλκοῦν</em></span> <span class='ocrx_word' id='word_1_75' title='bbox 536 1545 643 1614; x_wconf 79' lang='grc' dir='ltr'><em>ἕςόνοιι</em></span> <span class='ocrx_word' id='word_1_76' title='bbox 665 1546 722 1611; x_wconf 81' lang='grc' dir='ltr'>ὑπό</span> <span class='ocrx_word' id='word_1_77' title='bbox 740 1552 794 1611; x_wconf 81' lang='grc' dir='ltr'>τοῦ</span> <span class='ocrx_word' id='word_1_78' title='bbox 813 1547 927 1631; x_wconf 70' lang='grc' dir='ltr'><em>δήμου,</em></span> <span class='ocrx_word' id='word_1_79' title='bbox 947 1544 980 1613; x_wconf 78' lang='grc' dir='ltr'><em>εὖ</em></span> <span class='ocrx_word' id='word_1_80' title='bbox 998 1549 1124 1634; x_wconf 71' lang='grc' dir='ltr'>(κακῶς)</span> <span class='ocrx_word' id='word_1_81' title='bbox 1137 1549 1276 1629; x_wconf 71' lang='grc' dir='ltr'><em>πάσχειν</em></span> 
     </span>
     <span class='ocr_line' id='line_1_12' title="bbox 82 1650 1278 1740; baseline 0 -20"><span class='ocrx_word' id='word_1_82' title='bbox 82 1660 115 1720; x_wconf 85' lang='lat' dir='ltr'>et</span> <span class='ocrx_word' id='word_1_83' title='bbox 139 1651 258 1717; x_wconf 74' lang='grc' dir='ltr'><em>οἱκοόειν</em></span> <span class='ocrx_word' id='word_1_84' title='bbox 284 1650 342 1718; x_wconf 83' lang='grc' dir='ltr'>ὑπό</span> <span class='ocrx_word' id='word_1_85' title='bbox 365 1677 443 1726; x_wconf 79' lang='grc' dir='ltr'><em>τινος</em></span> <span class='ocrx_word' id='word_1_86' title='bbox 468 1659 500 1718; x_wconf 88' lang='lat' dir='ltr'>et</span> <span class='ocrx_word' id='word_1_87' title='bbox 521 1652 585 1718; x_wconf 90' lang='lat' dir='ltr'>alia</span> <span class='ocrx_word' id='word_1_88' title='bbox 609 1653 834 1740; x_wconf 80' lang='lat' dir='ltr'>compluscula.</span> <span class='ocrx_word' id='word_1_89' title='bbox 883 1652 956 1719; x_wconf 91' lang='lat' dir='ltr'>Non</span> <span class='ocrx_word' id='word_1_90' title='bbox 976 1657 1084 1720; x_wconf 91' lang='lat' dir='ltr'>minus</span> <span class='ocrx_word' id='word_1_91' title='bbox 1104 1656 1278 1721; x_wconf 90' lang='lat' dir='ltr'>absurdum</span> 
     </span>
     <span class='ocr_line' id='line_1_13' title="bbox 83 1759 1278 1853; baseline 0 -27"><span class='ocrx_word' id='word_1_92' title='bbox 83 1765 132 1826; x_wconf 82' lang='lat' dir='ltr'>est</span> <span class='ocrx_word' id='word_1_93' title='bbox 155 1760 323 1841; x_wconf 77' lang='grc' dir='ltr'><em>διοιφνγεῖν</em></span> <span class='ocrx_word' id='word_1_94' title='bbox 346 1761 401 1838; x_wconf 76' lang='grc' dir='ltr'>την</span> <span class='ocrx_word' id='word_1_95' title='bbox 423 1760 546 1845; x_wconf 75' lang='grc' dir='ltr'><em>μνήμην</em></span> <span class='ocrx_word' id='word_1_96' title='bbox 573 1762 636 1830; x_wconf 70' lang='lat' dir='ltr'>cist</span> <span class='ocrx_word' id='word_1_97' title='bbox 659 1765 714 1830; x_wconf 78' lang='grc' dir='ltr'>τοῦ</span> <span class='ocrx_word' id='word_1_98' title='bbox 739 1759 821 1830; x_wconf 76' lang='grc' dir='ltr'><em>ποόνιι</em></span> <span class='ocrx_word' id='word_1_99' title='bbox 841 1760 975 1847; x_wconf 77' lang='grc' dir='ltr'><em>οὶρχοιόον</em></span> <span class='ocrx_word' id='word_1_100' title='bbox 997 1783 1091 1853; x_wconf 85' lang='lat' dir='ltr'>quam</span> <span class='ocrx_word' id='word_1_101' title='bbox 1114 1761 1180 1829; x_wconf 76' lang='grc' dir='ltr'>οὲπό</span> <span class='ocrx_word' id='word_1_102' title='bbox 1199 1785 1278 1839; x_wconf 81' lang='grc' dir='ltr'><em>τινος</em></span> 
     </span>
     <span class='ocr_line' id='line_1_14' title="bbox 85 1867 1280 1936; baseline -0.001 0"><span class='ocrx_word' id='word_1_103' title='bbox 85 1867 258 1936; x_wconf 61' lang='lat' dir='ltr'>acolaco.</span> <span class='ocrx_word' id='word_1_104' title='bbox 1274 1867 1280 1878; x_wconf 86' lang='grc'><strong>’</strong></span> 
     </span>
    </p>
   </div>
   <div class='ocr_carea' id='block_1_4' title="bbox 86 2078 1280 2490">
    <p class='ocr_par' dir='ltr' id='par_1_5' title="bbox 86 2078 1280 2490">
     <span class='ocr_line' id='line_1_15' title="bbox 131 2078 1277 2170; baseline 0.006 -26"><span class='ocrx_word' id='word_1_105' title='bbox 131 2079 214 2169; x_wconf 83' lang='lat' dir='ltr'>Pag.</span> <span class='ocrx_word' id='word_1_106' title='bbox 247 2078 301 2146; x_wconf 85' lang='grc'>89.</span> <span class='ocrx_word' id='word_1_107' title='bbox 333 2102 372 2146; x_wconf 89' lang='lat' dir='ltr'>ex</span> <span class='ocrx_word' id='word_1_108' title='bbox 403 2081 559 2147; x_wconf 78' lang='lat' dir='ltr'>Antiocho</span> <span class='ocrx_word' id='word_1_109' title='bbox 591 2081 806 2169; x_wconf 81' lang='lat' dir='ltr'>Syracusano,</span> <span class='ocrx_word' id='word_1_110' title='bbox 838 2086 894 2170; x_wconf 92' lang='lat' dir='ltr'>qui</span> <span class='ocrx_word' id='word_1_111' title='bbox 924 2084 1031 2150; x_wconf 91' lang='lat' dir='ltr'>Ionica</span> <span class='ocrx_word' id='word_1_112' title='bbox 1066 2084 1202 2150; x_wconf 89' lang='lat' dir='ltr'>dialecto</span> <span class='ocrx_word' id='word_1_113' title='bbox 1238 2084 1277 2151; x_wconf 90' lang='lat' dir='ltr'>de</span> 
     </span>
     <span class='ocr_line' id='line_1_16' title="bbox 86 2188 1279 2278; baseline 0.003 -26"><span class='ocrx_word' id='word_1_114' title='bbox 86 2208 175 2253; x_wconf 86' lang='lat' dir='ltr'>more</span> <span class='ocrx_word' id='word_1_115' title='bbox 204 2188 373 2265; x_wconf 85' lang='lat' dir='ltr'>utebatur,</span> <span class='ocrx_word' id='word_1_116' title='bbox 408 2190 556 2274; x_wconf 83' lang='lat' dir='ltr'>apponit:</span> <span class='ocrx_word' id='word_1_117' title='bbox 591 2189 656 2253; x_wconf 78' lang='grc' dir='ltr'><em>ἐπεὶ</em></span> <span class='ocrx_word' id='word_1_118' title='bbox 682 2190 713 2254; x_wconf 75' lang='grc' dir='ltr'>δὲ</span> <span class='ocrx_word' id='word_1_119' title='bbox 737 2189 854 2264; x_wconf 78' lang='grc' dir='ltr'><em>ποιότης</em></span> <span class='ocrx_word' id='word_1_120' title='bbox 881 2191 1049 2278; x_wconf 76' lang='grc' dir='ltr'>(Ἰταλίας)</span> <span class='ocrx_word' id='word_1_121' title='bbox 1083 2192 1279 2270; x_wconf 83' lang='grc' dir='ltr'><em>κοορπερόο</em></span> 
     </span>
     <span class='ocr_line' id='line_1_17' title="bbox 87 2293 1280 2382; baseline 0.003 -24"><span class='ocrx_word' id='word_1_122' title='bbox 87 2293 219 2371; x_wconf 78' lang='grc' dir='ltr'><em>ἐγένετο.</em></span> <span class='ocrx_word' id='word_1_123' title='bbox 267 2295 319 2358; x_wconf 88' lang='lat' dir='ltr'>Sic</span> <span class='ocrx_word' id='word_1_124' title='bbox 348 2293 558 2379; x_wconf 77' lang='lat' dir='ltr'>loquebantur</span> <span class='ocrx_word' id='word_1_125' title='bbox 591 2301 713 2362; x_wconf 81' lang='lat' dir='ltr'>veteres</span> <span class='ocrx_word' id='word_1_126' title='bbox 743 2318 799 2382; x_wconf 90' lang='lat' dir='ltr'>pro</span> <span class='ocrx_word' id='word_1_127' title='bbox 832 2298 985 2377; x_wconf 65' lang='lat' dir='ltr'>lyncestis</span> <span class='ocrx_word' id='word_1_128' title='bbox 1011 2297 1183 2377; x_wconf 66' lang='lat' dir='ltr'>volsinios</span> <span class='ocrx_word' id='word_1_129' title='bbox 1207 2297 1280 2377; x_wconf 81' lang='grc' dir='ltr'><em>ἐγέ-</em></span> 
     </span>
     <span class='ocr_line' id='line_1_18' title="bbox 87 2399 1280 2490; baseline 0.003 -26"><span class='ocrx_word' id='word_1_130' title='bbox 87 2424 160 2465; x_wconf 82' lang='grc' dir='ltr'><em>νετο.</em></span> <span class='ocrx_word' id='word_1_131' title='bbox 209 2399 356 2466; x_wconf 88' lang='lat' dir='ltr'>Multum</span> <span class='ocrx_word' id='word_1_132' title='bbox 380 2399 553 2490; x_wconf 87' lang='lat' dir='ltr'>Dionysius</span> <span class='ocrx_word' id='word_1_133' title='bbox 576 2403 636 2468; x_wconf 93' lang='lat' dir='ltr'>hoc</span> <span class='ocrx_word' id='word_1_134' title='bbox 659 2407 765 2469; x_wconf 86' lang='lat' dir='ltr'>vetere</span> <span class='ocrx_word' id='word_1_135' title='bbox 789 2404 944 2470; x_wconf 80' lang='lat' dir='ltr'>vocabulo</span> <span class='ocrx_word' id='word_1_136' title='bbox 964 2404 1190 2470; x_wconf 80' lang='lat' dir='ltr'>delectabatur.</span> <span class='ocrx_word' id='word_1_137' title='bbox 1238 2404 1280 2468; x_wconf 93' lang='lat' dir='ltr'>In</span> 
     </span>
    </p>
   </div>
   <div class='ocr_carea' id='block_1_5' title="bbox 86 2506 1281 2594">
    <p class='ocr_par' dir='ltr' id='par_1_6' title="bbox 86 2506 1281 2594">
     <span class='ocr_line' id='line_1_19' title="bbox 86 2506 1281 2594; baseline 0.003 -22"><span class='ocrx_word' id='word_1_138' title='bbox 86 2513 192 2572; x_wconf 89' lang='lat' dir='ltr'>nostro</span> <span class='ocrx_word' id='word_1_139' title='bbox 221 2506 291 2572; x_wconf 90' lang='lat' dir='ltr'>loco</span> <span class='ocrx_word' id='word_1_140' title='bbox 323 2510 438 2573; x_wconf 87' lang='lat' dir='ltr'>caeteri</span> <span class='ocrx_word' id='word_1_141' title='bbox 468 2508 544 2573; x_wconf 85' lang='lat' dir='ltr'>libri</span> <span class='ocrx_word' id='word_1_142' title='bbox 572 2509 724 2588; x_wconf 76' lang='grc' dir='ltr'><em>ἐγκρατής</em></span> <span class='ocrx_word' id='word_1_143' title='bbox 749 2510 883 2594; x_wconf 86' lang='lat' dir='ltr'>habent,</span> <span class='ocrx_word' id='word_1_144' title='bbox 907 2510 1045 2576; x_wconf 87' lang='lat' dir='ltr'>Urbinas</span> <span class='ocrx_word' id='word_1_145' title='bbox 1068 2530 1181 2575; x_wconf 85' lang='lat' dir='ltr'>verum</span> <span class='ocrx_word' id='word_1_146' title='bbox 1207 2534 1281 2589; x_wconf 87' lang='grc' dir='ltr'><em>κοιρ-</em></span> 
     </span>
    </p>
   </div>
   <div class='ocr_carea' id='block_1_6' title="bbox 88 2610 1387 2702">
    <p class='ocr_par' dir='ltr' id='par_1_7' title="bbox 88 2610 1387 2702">
     <span class='ocr_line' id='line_1_20' title="bbox 88 2610 1387 2702; baseline 0.002 -26"><span class='ocrx_word' id='word_1_147' title='bbox 88 2610 180 2693; x_wconf 79' lang='grc' dir='ltr'><em>περός.</em></span> <span class='ocrx_word' id='word_1_148' title='bbox 229 2613 308 2701; x_wconf 79' lang='lat' dir='ltr'>Peg.</span> <span class='ocrx_word' id='word_1_149' title='bbox 346 2611 420 2681; x_wconf 82' lang='grc'><strong>174.</strong></span> <span class='ocrx_word' id='word_1_150' title='bbox 454 2613 596 2695; x_wconf 83' lang='grc' dir='ltr'><em>κοιρπερόν</em></span> <span class='ocrx_word' id='word_1_151' title='bbox 627 2624 682 2691; x_wconf 77' lang='grc' dir='ltr'>τῆς</span> <span class='ocrx_word' id='word_1_152' title='bbox 715 2615 813 2696; x_wconf 68' lang='grc' dir='ltr'><em>ἄκρως</em></span> <span class='ocrx_word' id='word_1_153' title='bbox 844 2617 999 2699; x_wconf 71' lang='lat' dir='ltr'>UrbinaS,</span> <span class='ocrx_word' id='word_1_154' title='bbox 1027 2616 1145 2702; x_wconf 86' lang='lat' dir='ltr'>reliqui</span> <span class='ocrx_word' id='word_1_155' title='bbox 1169 2618 1278 2694; x_wconf 83' lang='grc' dir='ltr'><em>κόριον.</em></span> <span class='ocrx_word' id='word_1_156' title='bbox 1384 2666 1387 2672; x_wconf 90' lang='grc'><strong>.</strong></span> 
     </span>
    </p>
   </div>
   <div class='ocr_carea' id='block_1_7' title="bbox 87 2718 1279 3021">
    <p class='ocr_par' dir='ltr' id='par_1_8' title="bbox 87 2718 1279 3021">
     <span class='ocr_line' id='line_1_21' title="bbox 87 2718 1277 2812; baseline 0.003 -30"><span class='ocrx_word' id='word_1_157' title='bbox 87 2718 164 2807; x_wconf 83' lang='lat' dir='ltr'>Pag.</span> <span class='ocrx_word' id='word_1_158' title='bbox 198 2718 272 2783; x_wconf 85' lang='grc'><strong>460.</strong></span> <span class='ocrx_word' id='word_1_159' title='bbox 305 2719 447 2801; x_wconf 83' lang='grc' dir='ltr'><em>κοιρπερόν</em></span> <span class='ocrx_word' id='word_1_160' title='bbox 478 2729 537 2785; x_wconf 82' lang='grc' dir='ltr'>τῶν</span> <span class='ocrx_word' id='word_1_161' title='bbox 568 2720 663 2787; x_wconf 77' lang='grc' dir='ltr'><em>ποδῶν</em></span> <span class='ocrx_word' id='word_1_162' title='bbox 699 2722 757 2811; x_wconf 81' lang='lat' dir='ltr'>(sic</span> <span class='ocrx_word' id='word_1_163' title='bbox 788 2724 854 2812; x_wconf 81' lang='lat' dir='ltr'>leg.</span> <span class='ocrx_word' id='word_1_164' title='bbox 885 2744 942 2811; x_wconf 88' lang='lat' dir='ltr'>pro</span> <span class='ocrx_word' id='word_1_165' title='bbox 966 2723 1018 2789; x_wconf 82' lang='grc' dir='ltr'>τόν</span> <span class='ocrx_word' id='word_1_166' title='bbox 1041 2724 1147 2804; x_wconf 76' lang='grc' dir='ltr'>πόδοι).</span> <span class='ocrx_word' id='word_1_167' title='bbox 1196 2722 1277 2810; x_wconf 82' lang='lat' dir='ltr'>Pag.</span> 
     </span>
     <span class='ocr_line' id='line_1_22' title="bbox 91 2824 1279 2918; baseline 0.003 -28"><span class='ocrx_word' id='word_1_168' title='bbox 91 2824 162 2891; x_wconf 79' lang='lat'>518.</span> <span class='ocrx_word' id='word_1_169' title='bbox 196 2834 251 2901; x_wconf 76' lang='grc' dir='ltr'>πῆς</span> <span class='ocrx_word' id='word_1_170' title='bbox 284 2827 408 2905; x_wconf 74' lang='grc' dir='ltr'><em>γνώμης</em></span> <span class='ocrx_word' id='word_1_171' title='bbox 444 2827 597 2908; x_wconf 84' lang='grc' dir='ltr'><em>κοιρπερός.</em></span> <span class='ocrx_word' id='word_1_172' title='bbox 645 2828 726 2918; x_wconf 80' lang='lat' dir='ltr'>Pag.</span> <span class='ocrx_word' id='word_1_173' title='bbox 759 2828 856 2898; x_wconf 85' lang='lat'>1137.</span> <span class='ocrx_word' id='word_1_174' title='bbox 890 2829 1032 2911; x_wconf 80' lang='grc' dir='ltr'><em>κοιρπερόο</em></span> <span class='ocrx_word' id='word_1_175' title='bbox 1064 2836 1123 2895; x_wconf 82' lang='grc' dir='ltr'>πῶν</span> <span class='ocrx_word' id='word_1_176' title='bbox 1154 2835 1279 2909; x_wconf 81' lang='grc' dir='ltr'><em>Φρενῶν.</em></span> 
     </span>
     <span class='ocr_line' id='line_1_23' title="bbox 91 2930 663 3021; baseline 0.007 -26"><span class='ocrx_word' id='word_1_177' title='bbox 91 2931 169 3021; x_wconf 82' lang='lat' dir='ltr'>Pag.</span> <span class='ocrx_word' id='word_1_178' title='bbox 196 2930 274 2998; x_wconf 82' lang='lat'>862.</span> <span class='ocrx_word' id='word_1_179' title='bbox 300 2939 358 2998; x_wconf 79' lang='grc' dir='ltr'>τῶν</span> <span class='ocrx_word' id='word_1_180' title='bbox 380 2936 484 2998; x_wconf 78' lang='grc' dir='ltr'><em>ποθῶν</em></span> <span class='ocrx_word' id='word_1_181' title='bbox 509 2931 663 3017; x_wconf 78' lang='grc' dir='ltr'><em>κοιρπερός.</em></span> 
     </span>
    </p>
   </div>
   <div class='ocr_carea' id='block_1_8' title="bbox 92 3142 1284 3444">
    <p class='ocr_par' dir='ltr' id='par_1_9' title="bbox 92 3142 1284 3444">
     <span class='ocr_line' id='line_1_24' title="bbox 136 3142 1281 3233; baseline 0.003 -26"><span class='ocrx_word' id='word_1_182' title='bbox 136 3143 215 3233; x_wconf 83' lang='lat' dir='ltr'>Pag.</span> <span class='ocrx_word' id='word_1_183' title='bbox 245 3142 298 3209; x_wconf 87' lang='grc'>89.</span> <span class='ocrx_word' id='word_1_184' title='bbox 333 3143 468 3224; x_wconf 78' lang='grc' dir='ltr'><em>ἐρόμενον</em></span> <span class='ocrx_word' id='word_1_185' title='bbox 499 3146 548 3211; x_wconf 72' lang='lat' dir='ltr'>olel</span> <span class='ocrx_word' id='word_1_186' title='bbox 580 3145 650 3218; x_wconf 82' lang='grc' dir='ltr'>τοὺς</span> <span class='ocrx_word' id='word_1_187' title='bbox 675 3147 855 3228; x_wconf 71' lang='grc' dir='ltr'><em>ἐπιχωρίους</em></span> <span class='ocrx_word' id='word_1_188' title='bbox 886 3148 954 3212; x_wconf 82' lang='grc' dir='ltr'><em>κοοό’</em></span> <span class='ocrx_word' id='word_1_189' title='bbox 987 3143 1036 3220; x_wconf 81' lang='grc' dir='ltr'>οὓς</span> <span class='ocrx_word' id='word_1_190' title='bbox 1069 3146 1197 3215; x_wconf 81' lang='grc' dir='ltr'><em>ἑκόςοπε</em></span> <span class='ocrx_word' id='word_1_191' title='bbox 1228 3146 1281 3224; x_wconf 79' lang='grc' dir='ltr'>γό-</span> 
     </span>
     <span class='ocr_line' id='line_1_25' title="bbox 93 3249 1284 3343; baseline 0.004 -31"><span class='ocrx_word' id='word_1_192' title='bbox 93 3273 191 3326; x_wconf 86' lang='grc' dir='ltr'><em>γνοισο</em></span> <span class='ocrx_word' id='word_1_193' title='bbox 206 3287 245 3298; x_wconf 33' lang='grc' dir='ltr'>-ν</span> <span class='ocrx_word' id='word_1_194' title='bbox 261 3249 290 3316; x_wconf 74' lang='grc' dir='ltr'><em>εἴ</em></span> <span class='ocrx_word' id='word_1_195' title='bbox 313 3274 355 3332; x_wconf 88' lang='grc' dir='ltr'>πη</span> <span class='ocrx_word' id='word_1_196' title='bbox 379 3277 424 3322; x_wconf 82' lang='grc' dir='ltr'>πιο</span> <span class='ocrx_word' id='word_1_197' title='bbox 444 3253 538 3317; x_wconf 74' lang='grc' dir='ltr'><em>κόπον</em></span> <span class='ocrx_word' id='word_1_198' title='bbox 562 3253 689 3332; x_wconf 80' lang='grc' dir='ltr'><em>ἓοροικὼο</em></span> <span class='ocrx_word' id='word_1_199' title='bbox 716 3252 773 3326; x_wconf 78' lang='grc' dir='ltr'><em>εἴη.</em></span> <span class='ocrx_word' id='word_1_200' title='bbox 823 3253 1122 3343; x_wconf 77' lang='lat' dir='ltr'>Transponendum:</span> <span class='ocrx_word' id='word_1_201' title='bbox 1148 3252 1284 3331; x_wconf 89' lang='grc' dir='ltr'><em>ε’ρόμενον</em></span> 
     </span>
     <span class='ocr_line' id='line_1_26' title="bbox 92 3355 1280 3444; baseline 0.003 -24"><span class='ocrx_word' id='word_1_202' title='bbox 92 3355 158 3429; x_wconf 82' lang='grc' dir='ltr'>ποὺς</span> <span class='ocrx_word' id='word_1_203' title='bbox 191 3357 239 3421; x_wconf 70' lang='grc' dir='ltr'>ἀεὶ</span> <span class='ocrx_word' id='word_1_204' title='bbox 271 3357 461 3437; x_wconf 73' lang='grc' dir='ltr'><em>ἐπιχωρίους.</em></span> <span class='ocrx_word' id='word_1_205' title='bbox 508 3358 638 3425; x_wconf 80' lang='lat' dir='ltr'>Veteres</span> <span class='ocrx_word' id='word_1_206' title='bbox 670 3380 779 3424; x_wconf 89' lang='lat' dir='ltr'>omnes</span> <span class='ocrx_word' id='word_1_207' title='bbox 809 3362 844 3424; x_wconf 91' lang='lat' dir='ltr'>in</span> <span class='ocrx_word' id='word_1_208' title='bbox 876 3381 912 3424; x_wconf 91' lang='lat' dir='ltr'>ea</span> <span class='ocrx_word' id='word_1_209' title='bbox 943 3381 977 3425; x_wconf 86' lang='lat' dir='ltr'>re</span> <span class='ocrx_word' id='word_1_210' title='bbox 1008 3361 1053 3423; x_wconf 81' lang='lat' dir='ltr'>sic</span> <span class='ocrx_word' id='word_1_211' title='bbox 1088 3358 1264 3444; x_wconf 87' lang='lat' dir='ltr'>loquuntur</span> <span class='ocrx_word' id='word_1_212' title='bbox 1272 3379 1280 3438; x_wconf 90' lang='lat'>;</span> 
     </span>
    </p>
   </div>
   <div class='ocr_carea' id='block_1_9' title="bbox 92 3462 1280 3659">
    <p class='ocr_par' dir='ltr' id='par_1_10' title="bbox 92 3462 1280 3659">
     <span class='ocr_line' id='line_1_27' title="bbox 92 3462 1280 3552; baseline 0.001 -23"><span class='ocrx_word' id='word_1_213' title='bbox 92 3466 247 3529; x_wconf 88' lang='lat' dir='ltr'>mirantur</span> <span class='ocrx_word' id='word_1_214' title='bbox 274 3462 425 3532; x_wconf 82' lang='lat' dir='ltr'>Graeculi</span> <span class='ocrx_word' id='word_1_215' title='bbox 448 3470 481 3530; x_wconf 91' lang='lat' dir='ltr'>et</span> <span class='ocrx_word' id='word_1_216' title='bbox 504 3465 646 3531; x_wconf 88' lang='lat' dir='ltr'>ordinem</span> <span class='ocrx_word' id='word_1_217' title='bbox 672 3466 842 3532; x_wconf 81' lang='lat' dir='ltr'>verborum</span> <span class='ocrx_word' id='word_1_218' title='bbox 865 3470 1059 3552; x_wconf 85' lang='lat' dir='ltr'>pervertunt.</span> <span class='ocrx_word' id='word_1_219' title='bbox 1086 3465 1125 3530; x_wconf 89' lang='lat' dir='ltr'>cf.</span> <span class='ocrx_word' id='word_1_220' title='bbox 1151 3467 1231 3531; x_wconf 71' lang='lat' dir='ltr'>Moe</span> <span class='ocrx_word' id='word_1_221' title='bbox 1247 3466 1280 3530; x_wconf 79' lang='lat' dir='ltr'>lt.</span> 
     </span>
     <span class='ocr_line' id='line_1_28' title="bbox 95 3569 497 3659; baseline 0 -23"><span class='ocrx_word' id='word_1_222' title='bbox 95 3571 170 3636; x_wconf 75' lang='lat' dir='ltr'>orit.</span> <span class='ocrx_word' id='word_1_223' title='bbox 195 3591 268 3659; x_wconf 82' lang='lat' dir='ltr'>pag.</span> <span class='ocrx_word' id='word_1_224' title='bbox 298 3569 340 3638; x_wconf 85' lang='grc'>’79</span> <span class='ocrx_word' id='word_1_225' title='bbox 365 3576 397 3637; x_wconf 90' lang='lat' dir='ltr'>et</span> <span class='ocrx_word' id='word_1_226' title='bbox 421 3571 497 3638; x_wconf 80' lang='lat'>122.</span> 
     </span>
    </p>
   </div>
   <div class='ocr_carea' id='block_1_10' title="bbox 66 3779 1284 4083">
    <p class='ocr_par' dir='ltr' id='par_1_11' title="bbox 66 3779 1284 4083">
     <span class='ocr_line' id='line_1_29' title="bbox 135 3779 1283 3868; baseline 0.003 -23"><span class='ocrx_word' id='word_1_227' title='bbox 135 3781 216 3868; x_wconf 76' lang='lat' dir='ltr'>Peg.</span> <span class='ocrx_word' id='word_1_228' title='bbox 241 3779 294 3847; x_wconf 85' lang='lat'>93.</span> <span class='ocrx_word' id='word_1_229' title='bbox 319 3789 438 3854; x_wconf 74' lang='grc' dir='ltr'><em>πολλῆς</em></span> <span class='ocrx_word' id='word_1_230' title='bbox 465 3782 522 3860; x_wconf 74' lang='grc' dir='ltr'><em>μὲν</em></span> <span class='ocrx_word' id='word_1_231' title='bbox 543 3784 698 3862; x_wconf 79' lang='grc' dir='ltr'><em>εὐποροῦσι</em></span> <span class='ocrx_word' id='word_1_232' title='bbox 720 3782 772 3847; x_wconf 73' lang='grc' dir='ltr'>κω)</span> <span class='ocrx_word' id='word_1_233' title='bbox 794 3790 895 3857; x_wconf 72' lang='grc' dir='ltr'><em>κωλῆς</em></span> <span class='ocrx_word' id='word_1_234' title='bbox 916 3780 990 3856; x_wconf 79' lang='grc' dir='ltr'>ὕλης</span> <span class='ocrx_word' id='word_1_235' title='bbox 1011 3785 1055 3855; x_wconf 76' lang='grc' dir='ltr'>εἷς</span> <span class='ocrx_word' id='word_1_236' title='bbox 1079 3784 1283 3861; x_wconf 79' lang='grc' dir='ltr'><em>νοινπηγησιν.</em></span> 
     </span>
     <span class='ocr_line' id='line_1_30' title="bbox 66 3886 1284 3975; baseline 0.001 -21"><span class='ocrx_word' id='word_1_237' title='bbox 66 3887 311 3955; x_wconf 58' lang='grc' dir='ltr'>7Νοοιιεεωεὴιιιω</span> <span class='ocrx_word' id='word_1_238' title='bbox 344 3886 418 3963; x_wconf 75' lang='grc' dir='ltr'>ὕλης</span> <span class='ocrx_word' id='word_1_239' title='bbox 448 3888 653 3954; x_wconf 79' lang='lat' dir='ltr'>Oasaubonus</span> <span class='ocrx_word' id='word_1_240' title='bbox 683 3889 815 3954; x_wconf 89' lang='lat' dir='ltr'>addidit.</span> <span class='ocrx_word' id='word_1_241' title='bbox 863 3890 1049 3975; x_wconf 84' lang='lat' dir='ltr'>Accipimus</span> <span class='ocrx_word' id='word_1_242' title='bbox 1072 3889 1125 3954; x_wconf 91' lang='lat' dir='ltr'>sed</span> <span class='ocrx_word' id='word_1_243' title='bbox 1149 3889 1284 3955; x_wconf 88' lang='lat' dir='ltr'>moleste</span> 
     </span>
     <span class='ocr_line' id='line_1_31' title="bbox 91 3992 1282 4083; baseline 0 -23"><span class='ocrx_word' id='word_1_244' title='bbox 91 3995 285 4060; x_wconf 88' lang='lat' dir='ltr'>abundantia</span> <span class='ocrx_word' id='word_1_245' title='bbox 301 3997 399 4062; x_wconf 86' lang='lat' dir='ltr'>verba</span> <span class='ocrx_word' id='word_1_246' title='bbox 416 3995 468 4060; x_wconf 75' lang='lat' dir='ltr'>nai</span> <span class='ocrx_word' id='word_1_247' title='bbox 487 4003 586 4072; x_wconf 77' lang='grc' dir='ltr'><em>κοιιιῆο</em></span> <span class='ocrx_word' id='word_1_248' title='bbox 608 3999 655 4079; x_wconf 75' lang='lat' dir='ltr'>(in</span> <span class='ocrx_word' id='word_1_249' title='bbox 668 4016 730 4081; x_wconf 91' lang='lat' dir='ltr'>quo</span> <span class='ocrx_word' id='word_1_250' title='bbox 743 3992 817 4069; x_wconf 77' lang='grc' dir='ltr'>ὕλης</span> <span class='ocrx_word' id='word_1_251' title='bbox 829 3994 962 4082; x_wconf 85' lang='lat' dir='ltr'>latebat)</span> <span class='ocrx_word' id='word_1_252' title='bbox 976 3996 1186 4083; x_wconf 80' lang='lat' dir='ltr'>expungenda</span> <span class='ocrx_word' id='word_1_253' title='bbox 1198 4002 1282 4061; x_wconf 88' lang='lat' dir='ltr'>sunt.</span> 
     </span>
    </p>
   </div>
   <div class='ocr_carea' id='block_1_11' title="bbox 89 4203 1283 4507">
    <p class='ocr_par' dir='ltr' id='par_1_12' title="bbox 89 4203 1283 4507">
     <span class='ocr_line' id='line_1_32' title="bbox 136 4203 1283 4292; baseline 0.001 -24"><span class='ocrx_word' id='word_1_254' title='bbox 136 4203 216 4292; x_wconf 79' lang='lat' dir='ltr'>Pag.</span> <span class='ocrx_word' id='word_1_255' title='bbox 249 4204 301 4270; x_wconf 89' lang='grc'>96.</span> <span class='ocrx_word' id='word_1_256' title='bbox 334 4203 384 4270; x_wconf 78' lang='grc' dir='ltr'><em>ἵνοι</em></span> <span class='ocrx_word' id='word_1_257' title='bbox 411 4206 442 4271; x_wconf 71' lang='lat' dir='ltr'>a</span> <span class='ocrx_word' id='word_1_258' title='bbox 466 4206 559 4285; x_wconf 70' lang='grc' dir='ltr'><em>μηδὲν</em></span> <span class='ocrx_word' id='word_1_259' title='bbox 584 4204 628 4277; x_wconf 79' lang='grc' dir='ltr'><em>εἴη</em></span> <span class='ocrx_word' id='word_1_260' title='bbox 652 4213 713 4277; x_wconf 82' lang='grc' dir='ltr'><em>τοῖς</em></span> <span class='ocrx_word' id='word_1_261' title='bbox 738 4204 899 4282; x_wconf 81' lang='grc' dir='ltr'><em>οΞνόρόποις</em></span> <span class='ocrx_word' id='word_1_262' title='bbox 924 4203 1059 4283; x_wconf 79' lang='grc' dir='ltr'><em>ἒνόόμιον</em></span> <span class='ocrx_word' id='word_1_263' title='bbox 1083 4206 1122 4274; x_wconf 77' lang='grc' dir='ltr'>ὥς</span> <span class='ocrx_word' id='word_1_264' title='bbox 1147 4203 1283 4284; x_wconf 83' lang='grc' dir='ltr'><em>ποιπρίων</em></span> 
     </span>
     <span class='ocr_line' id='line_1_33' title="bbox 91 4309 1283 4397; baseline 0 -22"><span class='ocrx_word' id='word_1_265' title='bbox 91 4310 258 4389; x_wconf 75' lang='grc' dir='ltr'><em>ἠλογηκόσι</em></span> <span class='ocrx_word' id='word_1_266' title='bbox 283 4312 396 4377; x_wconf 82' lang='grc' dir='ltr'><em>όνσιῶν.</em></span> <span class='ocrx_word' id='word_1_267' title='bbox 444 4312 532 4379; x_wconf 84' lang='lat' dir='ltr'>Male</span> <span class='ocrx_word' id='word_1_268' title='bbox 555 4334 594 4377; x_wconf 83' lang='lat' dir='ltr'>ex</span> <span class='ocrx_word' id='word_1_269' title='bbox 617 4311 771 4376; x_wconf 87' lang='lat' dir='ltr'>Urbinate</span> <span class='ocrx_word' id='word_1_270' title='bbox 794 4315 959 4396; x_wconf 89' lang='lat' dir='ltr'>receptum</span> <span class='ocrx_word' id='word_1_271' title='bbox 983 4316 1031 4376; x_wconf 87' lang='lat' dir='ltr'>est</span> <span class='ocrx_word' id='word_1_272' title='bbox 1051 4310 1127 4397; x_wconf 78' lang='grc' dir='ltr'><em>(δέοι</em></span> <span class='ocrx_word' id='word_1_273' title='bbox 1150 4309 1180 4396; x_wconf 76' lang='grc' dir='ltr'>ἢ)</span> <span class='ocrx_word' id='word_1_274' title='bbox 1204 4311 1283 4375; x_wconf 72' lang='lat' dir='ltr'>eoo</span> 
     </span>
     <span class='ocr_line' id='line_1_34' title="bbox 89 4415 1283 4507; baseline -0.001 -23"><span class='ocrx_word' id='word_1_275' title='bbox 89 4442 174 4498; x_wconf 86' lang='grc' dir='ltr'><em>μνον,</em></span> <span class='ocrx_word' id='word_1_276' title='bbox 199 4419 283 4505; x_wconf 87' lang='lat' dir='ltr'>quod</span> <span class='ocrx_word' id='word_1_277' title='bbox 306 4441 346 4486; x_wconf 81' lang='lat' dir='ltr'>ex</span> <span class='ocrx_word' id='word_1_278' title='bbox 369 4418 561 4507; x_wconf 82' lang='lat' dir='ltr'>glossemate</span> <span class='ocrx_word' id='word_1_279' title='bbox 584 4422 707 4484; x_wconf 87' lang='lat' dir='ltr'>natum.</span> <span class='ocrx_word' id='word_1_280' title='bbox 755 4415 912 4495; x_wconf 72' lang='grc' dir='ltr'><em>’θνόόμιον</em></span> <span class='ocrx_word' id='word_1_281' title='bbox 937 4416 1112 4502; x_wconf 78' lang='lat' dir='ltr'>appellavit</span> <span class='ocrx_word' id='word_1_282' title='bbox 1136 4417 1283 4504; x_wconf 86' lang='lat' dir='ltr'>exemplo</span> 
     </span>
    </p>
   </div>
   <div class='ocr_carea' id='block_1_12' title="bbox 0 0 1565 5004">
    <p class='ocr_par' dir='ltr' id='par_1_13' title="bbox 0 0 1565 5004">
     <span class='ocr_line' id='line_1_35' title="bbox 0 0 1565 5004; baseline 0 0"><span class='ocrx_word' id='word_1_283' title='bbox 0 0 1565 5004; x_wconf 95' lang='lat' dir='ltr'> </span> 
     </span>
    </p>
   </div>
  </div>
 </body>
</html>
