<?xml version="1.0" encoding="UTF-8"?>
<!DOCTYPE html PUBLIC "-//W3C//DTD XHTML 1.0 Transitional//EN"
    "http://www.w3.org/TR/xhtml1/DTD/xhtml1-transitional.dtd">
<html xmlns="http://www.w3.org/1999/xhtml" xml:lang="en" lang="en">
 <head>
  <title>
</title>
<meta http-equiv="Content-Type" content="text/html;charset=utf-8" />
  <meta name='ocr-system' content='tesseract 3.04.00' />
  <meta name='ocr-capabilities' content='ocr_page ocr_carea ocr_par ocr_line ocrx_word'/>
</head>
<body>
  <div class='ocr_page' id='page_1' title='image "./observationescr00cobegoog_0183.png"; bbox 0 0 3076 5004; ppageno 0'>
   <div class='ocr_carea' id='block_1_1' title="bbox 705 248 770 329">
    <p class='ocr_par' dir='ltr' id='par_1_1' title="bbox 705 248 770 329">
     <span class='ocr_line' id='line_1_1' title="bbox 705 248 770 329; baseline -0.015 0"><span class='ocrx_word' id='word_1_1' title='bbox 705 248 770 329; x_wconf 79' lang='lat' dir='ltr'><strong>rte</strong></span> 
     </span>
    </p>
   </div>
   <div class='ocr_carea' id='block_1_2' title="bbox 142 443 1326 627">
    <p class='ocr_par' dir='ltr' id='par_1_2' title="bbox 142 443 1326 627">
     <span class='ocr_line' id='line_1_2' title="bbox 142 443 1326 532; baseline 0 -14"><span class='ocrx_word' id='word_1_2' title='bbox 142 443 300 532; x_wconf 70' lang='grc' dir='ltr'><em>όέισιόσαι.</em></span> <span class='ocrx_word' id='word_1_3' title='bbox 348 451 500 519; x_wconf 85' lang='lat' dir='ltr'><strong>Nondum</strong></span> <span class='ocrx_word' id='word_1_4' title='bbox 531 453 721 518; x_wconf 76' lang='lat' dir='ltr'><strong>sententiam</strong></span> <span class='ocrx_word' id='word_1_5' title='bbox 754 451 877 518; x_wconf 76' lang='lat' dir='ltr'>dixerat</span> <span class='ocrx_word' id='word_1_6' title='bbox 911 456 944 518; x_wconf 94' lang='lat' dir='ltr'><strong>et</strong></span> <span class='ocrx_word' id='word_1_7' title='bbox 974 449 1221 530; x_wconf 75' lang='grc' dir='ltr'><em>όποδειξομενος</em></span> <span class='ocrx_word' id='word_1_8' title='bbox 1251 446 1326 518; x_wconf 86' lang='lat' dir='ltr'><strong>seri·</strong></span> 
     </span>
     <span class='ocr_line' id='line_1_3' title="bbox 143 561 290 627; baseline -0.02 -1"><span class='ocrx_word' id='word_1_9' title='bbox 143 561 290 627; x_wconf 85' lang='lat' dir='ltr'><strong>bendum.</strong></span> 
     </span>
    </p>
   </div>
   <div class='ocr_carea' id='block_1_3' title="bbox 146 767 1333 1180">
    <p class='ocr_par' dir='ltr' id='par_1_3' title="bbox 146 767 1333 1180">
     <span class='ocr_line' id='line_1_4' title="bbox 188 767 1331 860; baseline -0.002 -24"><span class='ocrx_word' id='word_1_10' title='bbox 188 771 269 860; x_wconf 82' lang='lat' dir='ltr'><strong>Pag.</strong></span> <span class='ocrx_word' id='word_1_11' title='bbox 297 771 396 838; x_wconf 84' lang='grc'><strong>1514.</strong></span> <span class='ocrx_word' id='word_1_12' title='bbox 420 768 500 844; x_wconf 80' lang='grc' dir='ltr'><em>ῦποος</em></span> <span class='ocrx_word' id='word_1_13' title='bbox 524 770 719 836; x_wconf 85' lang='grc' dir='ltr'><em>παῦσΩνται</em></span> <span class='ocrx_word' id='word_1_14' title='bbox 744 777 798 843; x_wconf 77' lang='grc' dir='ltr'><em>τῆς</em></span> <span class='ocrx_word' id='word_1_15' title='bbox 824 767 939 849; x_wconf 81' lang='grc' dir='ltr'><em>ὕβρεος</em></span> <span class='ocrx_word' id='word_1_16' title='bbox 960 772 985 835; x_wconf 82' lang='grc' dir='ltr'><strong>οἱ</strong></span> <span class='ocrx_word' id='word_1_17' title='bbox 1006 775 1155 844; x_wconf 79' lang='grc' dir='ltr'><em>κινοῦντες</em></span> <span class='ocrx_word' id='word_1_18' title='bbox 1174 771 1229 844; x_wconf 67' lang='grc' dir='ltr'><em>τὴν</em></span> <span class='ocrx_word' id='word_1_19' title='bbox 1247 786 1331 835; x_wconf 88' lang='grc' dir='ltr'><em>πολι·</em></span> 
     </span>
     <span class='ocr_line' id='line_1_5' title="bbox 147 874 1332 964; baseline -0.002 -21"><span class='ocrx_word' id='word_1_20' title='bbox 147 880 228 944; x_wconf 86' lang='grc' dir='ltr'><em>τεόαν</em></span> <span class='ocrx_word' id='word_1_21' title='bbox 255 889 378 944; x_wconf 76' lang='grc' dir='ltr'><strong><em>σκοπεῖν</em></strong></span> <span class='ocrx_word' id='word_1_22' title='bbox 400 877 509 955; x_wconf 77' lang='grc' dir='ltr'><strong>ἠξίουν.</strong></span> <span class='ocrx_word' id='word_1_23' title='bbox 544 877 727 943; x_wconf 77' lang='lat' dir='ltr'><strong>Sexcentiee</strong></span> <span class='ocrx_word' id='word_1_24' title='bbox 748 880 782 941; x_wconf 91' lang='lat' dir='ltr'><strong>in</strong></span> <span class='ocrx_word' id='word_1_25' title='bbox 802 877 895 942; x_wconf 87' lang='lat' dir='ltr'><strong>libris</strong></span> <span class='ocrx_word' id='word_1_26' title='bbox 916 874 995 951; x_wconf 74' lang='grc' dir='ltr'><em>ὅπως</em></span> <span class='ocrx_word' id='word_1_27' title='bbox 1016 900 1072 964; x_wconf 90' lang='lat' dir='ltr'><strong>pro</strong></span> <span class='ocrx_word' id='word_1_28' title='bbox 1091 880 1199 944; x_wconf 89' lang='lat' dir='ltr'><strong>futuro</strong></span> <span class='ocrx_word' id='word_1_29' title='bbox 1217 880 1332 944; x_wconf 83' lang='lat' dir='ltr'><strong>vitiose</strong></span> 
     </span>
     <span class='ocr_line' id='line_1_6' title="bbox 147 983 1333 1052; baseline -0.001 -3"><span class='ocrx_word' id='word_1_30' title='bbox 147 984 239 1051; x_wconf 89' lang='lat' dir='ltr'><strong>habet</strong></span> <span class='ocrx_word' id='word_1_31' title='bbox 270 988 380 1051; x_wconf 89' lang='lat' dir='ltr'><strong>aeristi</strong></span> <span class='ocrx_word' id='word_1_32' title='bbox 403 988 655 1052; x_wconf 79' lang='lat' dir='ltr'><strong>coniunctivum.</strong></span> <span class='ocrx_word' id='word_1_33' title='bbox 703 983 914 1049; x_wconf 79' lang='lat' dir='ltr'><strong>Manifestum</strong></span> <span class='ocrx_word' id='word_1_34' title='bbox 940 990 1119 1050; x_wconf 89' lang='lat' dir='ltr'><strong>etcertum</strong></span> <span class='ocrx_word' id='word_1_35' title='bbox 1143 987 1260 1052; x_wconf 86' lang='lat' dir='ltr'><strong>vitium</strong></span> <span class='ocrx_word' id='word_1_36' title='bbox 1284 989 1333 1050; x_wconf 85' lang='lat' dir='ltr'><strong>est</strong></span> 
     </span>
     <span class='ocr_line' id='line_1_7' title="bbox 146 1087 939 1180; baseline 0 -24"><span class='ocrx_word' id='word_1_37' title='bbox 146 1092 200 1157; x_wconf 92' lang='lat' dir='ltr'><strong>ubi</strong></span> <span class='ocrx_word' id='word_1_38' title='bbox 220 1088 300 1162; x_wconf 77' lang='grc' dir='ltr'><em>ὅπως</em></span> <span class='ocrx_word' id='word_1_39' title='bbox 324 1090 485 1180; x_wconf 81' lang='lat' dir='ltr'><strong>signifieat</strong></span> <span class='ocrx_word' id='word_1_40' title='bbox 508 1087 610 1155; x_wconf 86' lang='grc' dir='ltr'><em>όνπινα</em></span> <span class='ocrx_word' id='word_1_41' title='bbox 633 1089 742 1169; x_wconf 93' lang='grc' dir='ltr'><em>τρόπον</em></span> <span class='ocrx_word' id='word_1_42' title='bbox 767 1113 821 1175; x_wconf 81' lang='lat' dir='ltr'><strong>qao</strong></span> <span class='ocrx_word' id='word_1_43' title='bbox 838 1097 939 1175; x_wconf 83' lang='grc' dir='ltr'><em>ροοόο.</em></span> 
     </span>
    </p>
   </div>
   <div class='ocr_carea' id='block_1_4' title="bbox 143 1296 1334 2132">
    <p class='ocr_par' dir='ltr' id='par_1_4' title="bbox 143 1296 1334 2132">
     <span class='ocr_line' id='line_1_8' title="bbox 189 1296 1334 1389; baseline -0.003 -22"><span class='ocrx_word' id='word_1_44' title='bbox 189 1301 271 1389; x_wconf 80' lang='lat' dir='ltr'><strong>Peg.</strong></span> <span class='ocrx_word' id='word_1_45' title='bbox 300 1300 399 1367; x_wconf 87' lang='grc'><strong>1514.</strong></span> <span class='ocrx_word' id='word_1_46' title='bbox 425 1303 459 1366; x_wconf 84' lang='grc' dir='ltr'><em>τό</em></span> <span class='ocrx_word' id='word_1_47' title='bbox 483 1301 540 1376; x_wconf 72' lang='grc' dir='ltr'><strong>μὲν</strong></span> <span class='ocrx_word' id='word_1_48' title='bbox 565 1299 713 1379; x_wconf 81' lang='grc' dir='ltr'><em>ἐλεῦόερον</em></span> <span class='ocrx_word' id='word_1_49' title='bbox 738 1296 858 1365; x_wconf 79' lang='grc' dir='ltr'><em>ῦόπασιν</em></span> <span class='ocrx_word' id='word_1_50' title='bbox 883 1301 1038 1376; x_wconf 77' lang='grc' dir='ltr'><em>ἀξιοῦντες</em></span> <span class='ocrx_word' id='word_1_51' title='bbox 1065 1296 1198 1386; x_wconf 77' lang='grc' dir='ltr'><strong>[ἕχειν],</strong></span> <span class='ocrx_word' id='word_1_52' title='bbox 1224 1300 1279 1373; x_wconf 68' lang='grc' dir='ltr'><em>τὴν</em></span> <span class='ocrx_word' id='word_1_53' title='bbox 1302 1300 1334 1364; x_wconf 74' lang='grc' dir='ltr'><strong>δὲ</strong></span> 
     </span>
     <span class='ocr_line' id='line_1_9' title="bbox 147 1405 1333 1488; baseline -0.001 -17"><span class='ocrx_word' id='word_1_54' title='bbox 147 1411 317 1488; x_wconf 78' lang='grc' dir='ltr'><em>προςασόαν</em></span> <span class='ocrx_word' id='word_1_55' title='bbox 342 1415 399 1472; x_wconf 76' lang='grc' dir='ltr'><em>τῶν</em></span> <span class='ocrx_word' id='word_1_56' title='bbox 424 1415 523 1472; x_wconf 81' lang='grc' dir='ltr'><em>κοινῶν</em></span> <span class='ocrx_word' id='word_1_57' title='bbox 546 1406 748 1470; x_wconf 67' lang='grc' dir='ltr'><strong>ἀποδεδόσθαι</strong></span> <span class='ocrx_word' id='word_1_58' title='bbox 773 1414 836 1478; x_wconf 80' lang='grc' dir='ltr'><em>τοῖς</em></span> <span class='ocrx_word' id='word_1_59' title='bbox 861 1410 1039 1484; x_wconf 72' lang='grc' dir='ltr'><em>κρείττοσιλ</em></span> <span class='ocrx_word' id='word_1_60' title='bbox 1086 1406 1199 1471; x_wconf 80' lang='lat' dir='ltr'><strong>Editor</strong></span> <span class='ocrx_word' id='word_1_61' title='bbox 1221 1409 1255 1470; x_wconf 91' lang='lat' dir='ltr'><strong>in</strong></span> <span class='ocrx_word' id='word_1_62' title='bbox 1274 1405 1333 1471; x_wconf 89' lang='lat' dir='ltr'><strong>Ur-</strong></span> 
     </span>
     <span class='ocr_line' id='line_1_10' title="bbox 145 1510 1334 1596; baseline -0.003 -17"><span class='ocrx_word' id='word_1_63' title='bbox 145 1514 253 1580; x_wconf 91' lang='lat' dir='ltr'><strong>binate</strong></span> <span class='ocrx_word' id='word_1_64' title='bbox 288 1517 443 1580; x_wconf 90' lang='lat' dir='ltr'><strong>omissum</strong></span> <span class='ocrx_word' id='word_1_65' title='bbox 479 1513 564 1593; x_wconf 77' lang='grc' dir='ltr'><em>ἔχειν</em></span> <span class='ocrx_word' id='word_1_66' title='bbox 595 1511 725 1578; x_wconf 88' lang='lat' dir='ltr'><strong>delevit.</strong></span> <span class='ocrx_word' id='word_1_67' title='bbox 771 1513 844 1577; x_wconf 92' lang='lat' dir='ltr'><strong>Non</strong></span> <span class='ocrx_word' id='word_1_68' title='bbox 875 1512 1051 1586; x_wconf 79' lang='lat' dir='ltr'><strong>intercedo,</strong></span> <span class='ocrx_word' id='word_1_69' title='bbox 1083 1532 1219 1596; x_wconf 90' lang='lat' dir='ltr'><strong>namque</strong></span> <span class='ocrx_word' id='word_1_70' title='bbox 1250 1510 1334 1590; x_wconf 78' lang='grc' dir='ltr'><em>ἔχειν</em></span> 
     </span>
     <span class='ocr_line' id='line_1_11' title="bbox 143 1615 1334 1708; baseline -0.003 -24"><span class='ocrx_word' id='word_1_71' title='bbox 143 1641 271 1705; x_wconf 90' lang='lat' dir='ltr'><strong>prorsus</strong></span> <span class='ocrx_word' id='word_1_72' title='bbox 296 1627 343 1685; x_wconf 88' lang='lat' dir='ltr'><strong>est</strong></span> <span class='ocrx_word' id='word_1_73' title='bbox 364 1623 589 1708; x_wconf 82' lang='lat' dir='ltr'><strong>incongruum.</strong></span> <span class='ocrx_word' id='word_1_74' title='bbox 635 1619 841 1684; x_wconf 89' lang='lat' dir='ltr'><strong>Desideratur</strong></span> <span class='ocrx_word' id='word_1_75' title='bbox 865 1624 973 1682; x_wconf 89' lang='lat' dir='ltr'><strong>tamen</strong></span> <span class='ocrx_word' id='word_1_76' title='bbox 997 1615 1176 1683; x_wconf 87' lang='lat' dir='ltr'><strong>infinitivus</strong></span> <span class='ocrx_word' id='word_1_77' title='bbox 1195 1617 1277 1682; x_wconf 90' lang='lat' dir='ltr'><strong>alius</strong></span> <span class='ocrx_word' id='word_1_78' title='bbox 1294 1618 1334 1682; x_wconf 89' lang='lat' dir='ltr'><strong>ad</strong></span> 
     </span>
     <span class='ocr_line' id='line_1_12' title="bbox 144 1720 1333 1811; baseline -0.002 -22"><span class='ocrx_word' id='word_1_79' title='bbox 144 1725 312 1801; x_wconf 72' lang='grc' dir='ltr'><em>ἀξιοῦντες.</em></span> <span class='ocrx_word' id='word_1_80' title='bbox 358 1727 430 1793; x_wconf 90' lang='lat' dir='ltr'><strong>Non</strong></span> <span class='ocrx_word' id='word_1_81' title='bbox 454 1733 541 1792; x_wconf 89' lang='lat' dir='ltr'><strong>amat</strong></span> <span class='ocrx_word' id='word_1_82' title='bbox 563 1728 649 1791; x_wconf 91' lang='lat' dir='ltr'><strong>enim</strong></span> <span class='ocrx_word' id='word_1_83' title='bbox 673 1724 847 1811; x_wconf 89' lang='lat' dir='ltr'><strong>Dionysius</strong></span> <span class='ocrx_word' id='word_1_84' title='bbox 871 1724 1051 1805; x_wconf 71' lang='grc' dir='ltr'><em>ζεύγματα.</em></span> <span class='ocrx_word' id='word_1_85' title='bbox 1100 1723 1185 1804; x_wconf 77' lang='lat' dir='ltr'><strong>Quid</strong></span> <span class='ocrx_word' id='word_1_86' title='bbox 1207 1720 1333 1788; x_wconf 78' lang='lat' dir='ltr'><strong>multa?</strong></span> 
     </span>
     <span class='ocr_line' id='line_1_13' title="bbox 145 1825 1333 1912; baseline -0.003 -16"><span class='ocrx_word' id='word_1_87' title='bbox 145 1832 253 1912; x_wconf 78' lang='lat' dir='ltr'><strong>Quum</strong></span> <span class='ocrx_word' id='word_1_88' title='bbox 289 1835 445 1898; x_wconf 90' lang='lat' dir='ltr'><strong>sententia</strong></span> <span class='ocrx_word' id='word_1_89' title='bbox 480 1832 650 1897; x_wconf 90' lang='lat' dir='ltr'><strong>manifesto</strong></span> <span class='ocrx_word' id='word_1_90' title='bbox 684 1831 762 1896; x_wconf 88' lang='lat' dir='ltr'><strong>haee</strong></span> <span class='ocrx_word' id='word_1_91' title='bbox 797 1833 857 1895; x_wconf 91' lang='lat' dir='ltr'><strong>sit:</strong></span> <span class='ocrx_word' id='word_1_92' title='bbox 894 1828 1049 1901; x_wconf 67' lang='grc' dir='ltr'><em>ἀξιοῦντες</em></span> <span class='ocrx_word' id='word_1_93' title='bbox 1081 1829 1227 1902; x_wconf 73' lang='grc' dir='ltr'><em>ἅπαντας</em></span> <span class='ocrx_word' id='word_1_94' title='bbox 1257 1825 1333 1894; x_wconf 77' lang='grc' dir='ltr'><em>εἶναι</em></span> 
     </span>
     <span class='ocr_line' id='line_1_14' title="bbox 149 1935 1333 2025; baseline -0.002 -23"><span class='ocrx_word' id='word_1_95' title='bbox 149 1938 337 2017; x_wconf 79' lang='grc' dir='ltr'><em>ἒλευόόροος,</em></span> <span class='ocrx_word' id='word_1_96' title='bbox 380 1938 615 2025; x_wconf 91' lang='lat' dir='ltr'><strong>reponendum:</strong></span> <span class='ocrx_word' id='word_1_97' title='bbox 659 1937 694 2000; x_wconf 86' lang='grc' dir='ltr'><em>τό</em></span> <span class='ocrx_word' id='word_1_98' title='bbox 736 1938 794 2015; x_wconf 81' lang='grc' dir='ltr'><strong>μὲν</strong></span> <span class='ocrx_word' id='word_1_99' title='bbox 832 1938 982 2019; x_wconf 77' lang='grc' dir='ltr'><em>ἐλεῦόερον</em></span> <span class='ocrx_word' id='word_1_100' title='bbox 1025 1935 1144 2002; x_wconf 78' lang='grc' dir='ltr'><em>ῦπασιν</em></span> <span class='ocrx_word' id='word_1_101' title='bbox 1178 1935 1333 2013; x_wconf 68' lang='grc' dir='ltr'><em>ἀξιοῦντες</em></span> 
     </span>
     <span class='ocr_line' id='line_1_15' title="bbox 148 2044 340 2132; baseline -0.01 -22"><span class='ocrx_word' id='word_1_102' title='bbox 148 2044 340 2132; x_wconf 72' lang='grc' dir='ltr'><strong>(ὑπάρχειν).</strong></span> 
     </span>
    </p>
   </div>
   <div class='ocr_carea' id='block_1_5' title="bbox 148 2250 1337 3300">
    <p class='ocr_par' dir='ltr' id='par_1_5' title="bbox 148 2250 1335 2554">
     <span class='ocr_line' id='line_1_16' title="bbox 191 2250 1333 2342; baseline -0.002 -22"><span class='ocrx_word' id='word_1_103' title='bbox 191 2256 272 2342; x_wconf 81' lang='lat' dir='ltr'><strong>Pag.</strong></span> <span class='ocrx_word' id='word_1_104' title='bbox 300 2253 396 2320; x_wconf 89' lang='grc'><strong>1515.</strong></span> <span class='ocrx_word' id='word_1_105' title='bbox 422 2250 671 2330; x_wconf 76' lang='grc' dir='ltr'><em>προύκαλέσαντο</em></span> <span class='ocrx_word' id='word_1_106' title='bbox 697 2252 746 2316; x_wconf 74' lang='grc' dir='ltr'><strong>ε’πὶ</strong></span> <span class='ocrx_word' id='word_1_107' title='bbox 771 2252 865 2327; x_wconf 73' lang='grc' dir='ltr'><strong>δίκην.</strong></span> <span class='ocrx_word' id='word_1_108' title='bbox 911 2253 1029 2319; x_wconf 78' lang='lat' dir='ltr'><strong>Reislre</strong></span> <span class='ocrx_word' id='word_1_109' title='bbox 1048 2252 1333 2335; x_wconf 72' lang='grc' dir='ltr'><em>προσεκαλέσαντο,</em></span> 
     </span>
     <span class='ocr_line' id='line_1_17' title="bbox 149 2358 1335 2446; baseline -0.002 -19"><span class='ocrx_word' id='word_1_110' title='bbox 149 2367 181 2428; x_wconf 88' lang='lat' dir='ltr'><strong>et</strong></span> <span class='ocrx_word' id='word_1_111' title='bbox 219 2364 264 2427; x_wconf 88' lang='lat' dir='ltr'><strong>sie</strong></span> <span class='ocrx_word' id='word_1_112' title='bbox 295 2364 406 2445; x_wconf 88' lang='lat' dir='ltr'><strong>utique</strong></span> <span class='ocrx_word' id='word_1_113' title='bbox 437 2358 566 2425; x_wconf 82' lang='lat' dir='ltr'><strong>Veteres</strong></span> <span class='ocrx_word' id='word_1_114' title='bbox 598 2379 707 2424; x_wconf 90' lang='lat' dir='ltr'><strong>omnes</strong></span> <span class='ocrx_word' id='word_1_115' title='bbox 738 2365 918 2424; x_wconf 82' lang='lat' dir='ltr'><strong>constanter</strong></span> <span class='ocrx_word' id='word_1_116' title='bbox 948 2360 1168 2446; x_wconf 87' lang='lat' dir='ltr'><strong>loquebantur.</strong></span> <span class='ocrx_word' id='word_1_117' title='bbox 1216 2362 1335 2425; x_wconf 78' lang='lat' dir='ltr'><strong>Aristo</strong></span> 
     </span>
     <span class='ocr_line' id='line_1_18' title="bbox 148 2464 503 2554; baseline -0.008 -20"><span class='ocrx_word' id='word_1_118' title='bbox 148 2469 266 2554; x_wconf 90' lang='lat' dir='ltr'><strong>phanes</strong></span> <span class='ocrx_word' id='word_1_119' title='bbox 294 2467 378 2550; x_wconf 65' lang='grc' dir='ltr'><strong>γαρ.</strong></span> <span class='ocrx_word' id='word_1_120' title='bbox 407 2464 503 2531; x_wconf 88' lang='grc'><strong>1406.</strong></span> 
     </span>
    </p>

    <p class='ocr_par' dir='ltr' id='par_1_6' title="bbox 150 2568 1112 2872">
     <span class='ocr_line' id='line_1_19' title="bbox 284 2568 1112 2657; baseline -0.001 -19"><span class='ocrx_word' id='word_1_121' title='bbox 284 2574 336 2638; x_wconf 75' lang='grc' dir='ltr'><strong>καὶ</strong></span> <span class='ocrx_word' id='word_1_122' title='bbox 361 2579 550 2657; x_wconf 72' lang='grc' dir='ltr'><em>καταγελᾷς</em></span> <span class='ocrx_word' id='word_1_123' title='bbox 574 2595 650 2647; x_wconf 73' lang='grc' dir='ltr'><em>μους</em></span> <span class='ocrx_word' id='word_1_124' title='bbox 677 2571 917 2649; x_wconf 86' lang='grc' dir='ltr'><em>προσκαλοῦμαό</em></span> <span class='ocrx_word' id='word_1_125' title='bbox 941 2575 970 2637; x_wconf 90' lang='grc' dir='ltr'><em>τ’</em></span> <span class='ocrx_word' id='word_1_126' title='bbox 994 2568 1057 2645; x_wconf 80' lang='grc' dir='ltr'><em>ῦςις</em></span> <span class='ocrx_word' id='word_1_127' title='bbox 1082 2569 1112 2637; x_wconf 82' lang='grc' dir='ltr'><strong>εἷ</strong></span> 
     </span>
     <span class='ocr_line' id='line_1_20' title="bbox 285 2677 1089 2759; baseline -0.001 -14"><span class='ocrx_word' id='word_1_128' title='bbox 285 2682 357 2759; x_wconf 82' lang='grc' dir='ltr'><em>πρὸς</em></span> <span class='ocrx_word' id='word_1_129' title='bbox 382 2681 451 2752; x_wconf 87' lang='grc' dir='ltr'><em>τοὺς</em></span> <span class='ocrx_word' id='word_1_130' title='bbox 477 2679 685 2759; x_wconf 71' lang='grc' dir='ltr'><em>ἀγορανόμους</em></span> <span class='ocrx_word' id='word_1_131' title='bbox 711 2677 841 2756; x_wconf 72' lang='grc' dir='ltr'><em>βλάβης</em></span> <span class='ocrx_word' id='word_1_132' title='bbox 866 2683 924 2742; x_wconf 86' lang='grc' dir='ltr'><strong>σῦν</strong></span> <span class='ocrx_word' id='word_1_133' title='bbox 949 2679 1089 2759; x_wconf 78' lang='grc' dir='ltr'><em>Φορτόοιν.</em></span> 
     </span>
     <span class='ocr_line' id='line_1_21' title="bbox 150 2783 586 2872; baseline -0.007 -19"><span class='ocrx_word' id='word_1_134' title='bbox 150 2788 275 2872; x_wconf 85' lang='lat' dir='ltr'><strong>etquis</strong></span> <span class='ocrx_word' id='word_1_135' title='bbox 298 2807 360 2852; x_wconf 92' lang='lat' dir='ltr'><strong>non</strong></span> <span class='ocrx_word' id='word_1_136' title='bbox 384 2783 586 2851; x_wconf 77' lang='lat' dir='ltr'><strong>Atticorum?</strong></span> 
     </span>
    </p>

    <p class='ocr_par' dir='ltr' id='par_1_7' title="bbox 150 2890 1337 3300">
     <span class='ocr_line' id='line_1_22' title="bbox 193 2890 1337 2980; baseline 0 -22"><span class='ocrx_word' id='word_1_137' title='bbox 193 2893 329 2980; x_wconf 82' lang='lat' dir='ltr'><strong>Legitur</strong></span> <span class='ocrx_word' id='word_1_138' title='bbox 359 2896 579 2972; x_wconf 76' lang='grc' dir='ltr'><em>προκαλεῖσθαι</em></span> <span class='ocrx_word' id='word_1_139' title='bbox 611 2891 661 2955; x_wconf 73' lang='grc' dir='ltr'><strong>ἐπὶ</strong></span> <span class='ocrx_word' id='word_1_140' title='bbox 694 2891 778 2965; x_wconf 68' lang='grc' dir='ltr'><em>δίκην</em></span> <span class='ocrx_word' id='word_1_141' title='bbox 808 2896 841 2955; x_wconf 87' lang='lat' dir='ltr'><strong>et</strong></span> <span class='ocrx_word' id='word_1_142' title='bbox 864 2892 906 2962; x_wconf 76' lang='grc' dir='ltr'><strong>εἰς</strong></span> <span class='ocrx_word' id='word_1_143' title='bbox 930 2890 1013 2965; x_wconf 68' lang='grc' dir='ltr'><em>δίκην</em></span> <span class='ocrx_word' id='word_1_144' title='bbox 1037 2891 1121 2977; x_wconf 87' lang='lat' dir='ltr'><strong>apud</strong></span> <span class='ocrx_word' id='word_1_145' title='bbox 1144 2892 1337 2979; x_wconf 85' lang='lat' dir='ltr'><strong>Dionysium</strong></span> 
     </span>
     <span class='ocr_line' id='line_1_23' title="bbox 150 2997 1335 3086; baseline -0.001 -20"><span class='ocrx_word' id='word_1_146' title='bbox 150 3006 182 3066; x_wconf 84' lang='lat' dir='ltr'><strong>et</strong></span> <span class='ocrx_word' id='word_1_147' title='bbox 203 3000 282 3066; x_wconf 86' lang='lat' dir='ltr'><strong>alibi</strong></span> <span class='ocrx_word' id='word_1_148' title='bbox 304 3000 407 3065; x_wconf 86' lang='lat' dir='ltr'><strong>veluti</strong></span> <span class='ocrx_word' id='word_1_149' title='bbox 430 3020 502 3086; x_wconf 81' lang='lat' dir='ltr'><strong>pag.</strong></span> <span class='ocrx_word' id='word_1_150' title='bbox 531 2997 628 3063; x_wconf 80' lang='lat'>1553.</span> <span class='ocrx_word' id='word_1_151' title='bbox 655 3000 880 3078; x_wconf 80' lang='grc' dir='ltr'><em>προύκαλοῦντο</em></span> <span class='ocrx_word' id='word_1_152' title='bbox 906 2998 955 3061; x_wconf 74' lang='grc' dir='ltr'><strong>ἐπὶ</strong></span> <span class='ocrx_word' id='word_1_153' title='bbox 980 2997 1072 3070; x_wconf 72' lang='grc' dir='ltr'><strong>δίκην.</strong></span> <span class='ocrx_word' id='word_1_154' title='bbox 1096 3004 1127 3062; x_wconf 84' lang='lat' dir='ltr'><strong>et</strong></span> <span class='ocrx_word' id='word_1_155' title='bbox 1147 3018 1221 3085; x_wconf 79' lang='lat' dir='ltr'><strong>pag.</strong></span> <span class='ocrx_word' id='word_1_156' title='bbox 1235 2997 1335 3065; x_wconf 91' lang='grc'><strong>2120.</strong></span> 
     </span>
     <span class='ocr_line' id='line_1_24' title="bbox 151 3103 1337 3189; baseline -0.003 -17"><span class='ocrx_word' id='word_1_157' title='bbox 151 3108 192 3180; x_wconf 82' lang='grc' dir='ltr'><strong>εἰς</strong></span> <span class='ocrx_word' id='word_1_158' title='bbox 225 3108 332 3185; x_wconf 76' lang='grc' dir='ltr'><em>ὁμοίαν</em></span> <span class='ocrx_word' id='word_1_159' title='bbox 356 3107 439 3179; x_wconf 68' lang='grc' dir='ltr'><em>δίκην</em></span> <span class='ocrx_word' id='word_1_160' title='bbox 463 3105 715 3184; x_wconf 81' lang='grc' dir='ltr'><em>προεκαλέσατο,</em></span> <span class='ocrx_word' id='word_1_161' title='bbox 748 3105 802 3169; x_wconf 90' lang='lat' dir='ltr'><strong>sed</strong></span> <span class='ocrx_word' id='word_1_162' title='bbox 824 3103 902 3169; x_wconf 90' lang='lat' dir='ltr'><strong>haec</strong></span> <span class='ocrx_word' id='word_1_163' title='bbox 926 3123 1051 3189; x_wconf 91' lang='lat' dir='ltr'><strong>quoque</strong></span> <span class='ocrx_word' id='word_1_164' title='bbox 1074 3103 1207 3169; x_wconf 91' lang='lat' dir='ltr'><strong>eandem</strong></span> <span class='ocrx_word' id='word_1_165' title='bbox 1229 3103 1337 3171; x_wconf 91' lang='lat' dir='ltr'><strong>labem</strong></span> 
     </span>
     <span class='ocr_line' id='line_1_25' title="bbox 150 3214 508 3300; baseline -0.008 -21"><span class='ocrx_word' id='word_1_166' title='bbox 150 3217 328 3300; x_wconf 84' lang='lat' dir='ltr'><strong>concepisse</strong></span> <span class='ocrx_word' id='word_1_167' title='bbox 350 3214 508 3280; x_wconf 85' lang='lat' dir='ltr'><strong>videntur.</strong></span> 
     </span>
    </p>
   </div>
   <div class='ocr_carea' id='block_1_6' title="bbox 151 3415 1341 4145">
    <p class='ocr_par' dir='ltr' id='par_1_8' title="bbox 151 3415 1341 4145">
     <span class='ocr_line' id='line_1_26' title="bbox 196 3415 1337 3511; baseline 0 -24"><span class='ocrx_word' id='word_1_168' title='bbox 196 3422 276 3511; x_wconf 81' lang='lat' dir='ltr'><strong>Peg.</strong></span> <span class='ocrx_word' id='word_1_169' title='bbox 303 3420 401 3489; x_wconf 83' lang='lat'>1517.</span> <span class='ocrx_word' id='word_1_170' title='bbox 428 3421 515 3496; x_wconf 71' lang='grc' dir='ltr'><em>δόξας</em></span> <span class='ocrx_word' id='word_1_171' title='bbox 539 3420 591 3485; x_wconf 75' lang='grc' dir='ltr'><strong>καὶ</strong></span> <span class='ocrx_word' id='word_1_172' title='bbox 615 3427 893 3498; x_wconf 81' lang='grc' dir='ltr'><em>τιμῦν-ΠΑΡΑ</em></span> <span class='ocrx_word' id='word_1_173' title='bbox 919 3424 976 3483; x_wconf 78' lang='grc' dir='ltr'><em>τῶν</em></span> <span class='ocrx_word' id='word_1_174' title='bbox 999 3415 1032 3483; x_wconf 86' lang='grc' dir='ltr'><strong>εῦ</strong></span> <span class='ocrx_word' id='word_1_175' title='bbox 1052 3418 1206 3486; x_wconf 79' lang='grc' dir='ltr'><em>παθόντων</em></span> <span class='ocrx_word' id='word_1_176' title='bbox 1225 3424 1337 3492; x_wconf 76' lang='grc' dir='ltr'><em>οὶποςε·</em></span> 
     </span>
     <span class='ocr_line' id='line_1_27' title="bbox 152 3524 1340 3614; baseline 0.002 -22"><span class='ocrx_word' id='word_1_177' title='bbox 152 3531 256 3610; x_wconf 81' lang='grc' dir='ltr'><em>ρνόείς.</em></span> <span class='ocrx_word' id='word_1_178' title='bbox 304 3529 514 3614; x_wconf 88' lang='lat' dir='ltr'><strong>Aliquamdiu</strong></span> <span class='ocrx_word' id='word_1_179' title='bbox 545 3533 617 3613; x_wconf 91' lang='lat' dir='ltr'><strong>post</strong></span> <span class='ocrx_word' id='word_1_180' title='bbox 647 3526 794 3614; x_wconf 89' lang='lat' dir='ltr'><strong>Dionysii</strong></span> <span class='ocrx_word' id='word_1_181' title='bbox 826 3531 963 3591; x_wconf 89' lang='lat' dir='ltr'><strong>aetatem</strong></span> <span class='ocrx_word' id='word_1_182' title='bbox 988 3524 1074 3604; x_wconf 81' lang='grc' dir='ltr'><em>παρό</em></span> <span class='ocrx_word' id='word_1_183' title='bbox 1099 3550 1176 3599; x_wconf 92' lang='grc' dir='ltr'><em>τινος</em></span> <span class='ocrx_word' id='word_1_184' title='bbox 1201 3550 1257 3613; x_wconf 93' lang='lat' dir='ltr'><strong>pre</strong></span> <span class='ocrx_word' id='word_1_185' title='bbox 1281 3527 1340 3594; x_wconf 87' lang='grc' dir='ltr'><strong>ῦπό</strong></span> 
     </span>
     <span class='ocr_line' id='line_1_28' title="bbox 151 3630 1340 3721; baseline 0.001 -22"><span class='ocrx_word' id='word_1_186' title='bbox 151 3659 229 3706; x_wconf 91' lang='grc' dir='ltr'><em>τινος</em></span> <span class='ocrx_word' id='word_1_187' title='bbox 250 3657 324 3700; x_wconf 90' lang='lat' dir='ltr'><strong>eum</strong></span> <span class='ocrx_word' id='word_1_188' title='bbox 345 3636 450 3700; x_wconf 81' lang='lat' dir='ltr'><strong>verbis</strong></span> <span class='ocrx_word' id='word_1_189' title='bbox 469 3637 606 3721; x_wconf 85' lang='lat' dir='ltr'><strong>passivis</strong></span> <span class='ocrx_word' id='word_1_190' title='bbox 625 3636 770 3719; x_wconf 84' lang='lat' dir='ltr'><strong>componi</strong></span> <span class='ocrx_word' id='word_1_191' title='bbox 792 3640 938 3719; x_wconf 81' lang='lat' dir='ltr'><strong>coeptum</strong></span> <span class='ocrx_word' id='word_1_192' title='bbox 958 3636 1016 3697; x_wconf 89' lang='lat' dir='ltr'><strong>est.</strong></span> <span class='ocrx_word' id='word_1_193' title='bbox 1050 3630 1224 3719; x_wconf 86' lang='lat' dir='ltr'><strong>Dionysius</strong></span> <span class='ocrx_word' id='word_1_194' title='bbox 1235 3634 1340 3700; x_wconf 83' lang='lat' dir='ltr'><strong>Ioniae</strong></span> 
     </span>
     <span class='ocr_line' id='line_1_29' title="bbox 152 3735 1340 3825; baseline 0 -19"><span class='ocrx_word' id='word_1_195' title='bbox 152 3763 240 3808; x_wconf 91' lang='lat' dir='ltr'><strong>more</strong></span> <span class='ocrx_word' id='word_1_196' title='bbox 264 3751 295 3807; x_wconf 92' lang='lat' dir='ltr'><strong>et</strong></span> <span class='ocrx_word' id='word_1_197' title='bbox 318 3740 473 3807; x_wconf 90' lang='lat' dir='ltr'><strong>Herodoti</strong></span> <span class='ocrx_word' id='word_1_198' title='bbox 496 3740 641 3825; x_wconf 78' lang='lat' dir='ltr'><strong>exemplo</strong></span> <span class='ocrx_word' id='word_1_199' title='bbox 666 3740 806 3822; x_wconf 79' lang='lat' dir='ltr'><strong>dixerat,</strong></span> <span class='ocrx_word' id='word_1_200' title='bbox 831 3745 869 3803; x_wconf 88' lang='lat' dir='ltr'><strong>ut</strong></span> <span class='ocrx_word' id='word_1_201' title='bbox 892 3737 989 3814; x_wconf 89' lang='lat' dir='ltr'><strong>solet,</strong></span> <span class='ocrx_word' id='word_1_202' title='bbox 1013 3746 1124 3802; x_wconf 80' lang='lat' dir='ltr'>ssPOC</span> <span class='ocrx_word' id='word_1_203' title='bbox 1146 3744 1204 3804; x_wconf 77' lang='grc' dir='ltr'><em>τῶν</em></span> <span class='ocrx_word' id='word_1_204' title='bbox 1224 3735 1258 3805; x_wconf 81' lang='grc' dir='ltr'><strong>εὖ</strong></span> <span class='ocrx_word' id='word_1_205' title='bbox 1279 3765 1340 3806; x_wconf 85' lang='grc' dir='ltr'><strong>πα·</strong></span> 
     </span>
     <span class='ocr_line' id='line_1_30' title="bbox 153 3842 1340 3933; baseline 0.002 -22"><span class='ocrx_word' id='word_1_206' title='bbox 153 3848 275 3925; x_wconf 85' lang='grc' dir='ltr'><em>όόντον,</em></span> <span class='ocrx_word' id='word_1_207' title='bbox 301 3856 339 3913; x_wconf 91' lang='lat' dir='ltr'><strong>ut</strong></span> <span class='ocrx_word' id='word_1_208' title='bbox 362 3851 499 3933; x_wconf 83' lang='lat' dir='ltr'><strong>passim,</strong></span> <span class='ocrx_word' id='word_1_209' title='bbox 523 3854 555 3912; x_wconf 90' lang='lat' dir='ltr'><strong>et</strong></span> <span class='ocrx_word' id='word_1_210' title='bbox 578 3849 612 3910; x_wconf 90' lang='lat' dir='ltr'><strong>in</strong></span> <span class='ocrx_word' id='word_1_211' title='bbox 632 3848 779 3931; x_wconf 82' lang='lat' dir='ltr'><strong>proxima</strong></span> <span class='ocrx_word' id='word_1_212' title='bbox 798 3845 915 3910; x_wconf 80' lang='lat' dir='ltr'><strong>vicinia</strong></span> <span class='ocrx_word' id='word_1_213' title='bbox 934 3865 1009 3933; x_wconf 81' lang='lat' dir='ltr'><strong>pag.</strong></span> <span class='ocrx_word' id='word_1_214' title='bbox 1028 3842 1124 3909; x_wconf 89' lang='grc'><strong>1516.</strong></span> <span class='ocrx_word' id='word_1_215' title='bbox 1150 3845 1193 3910; x_wconf 77' lang='grc' dir='ltr'><em>τόν</em></span> <span class='ocrx_word' id='word_1_216' title='bbox 1214 3845 1340 3927; x_wconf 78' lang='grc' dir='ltr'><em>ἔσχατα</em></span> 
     </span>
     <span class='ocr_line' id='line_1_31' title="bbox 153 3951 1341 4034; baseline -0.001 -14"><span class='ocrx_word' id='word_1_217' title='bbox 153 3957 312 4020; x_wconf 77' lang='grc' dir='ltr'><em>πείσεσόαι</em></span> <span class='ocrx_word' id='word_1_218' title='bbox 338 3956 409 4034; x_wconf 81' lang='grc' dir='ltr'><em>πρός</em></span> <span class='ocrx_word' id='word_1_219' title='bbox 437 3956 510 4030; x_wconf 82' lang='grc' dir='ltr'><em>ἐμοῦ</em></span> <span class='ocrx_word' id='word_1_220' title='bbox 538 3954 703 4032; x_wconf 75' lang='grc' dir='ltr'><em>λεγόντων.</em></span> <span class='ocrx_word' id='word_1_221' title='bbox 728 3959 778 4017; x_wconf 85' lang='lat' dir='ltr'><strong>et:</strong></span> <span class='ocrx_word' id='word_1_222' title='bbox 803 3956 934 4014; x_wconf 88' lang='grc' dir='ltr'><em>τοιαῦτα</em></span> <span class='ocrx_word' id='word_1_223' title='bbox 960 3951 994 4020; x_wconf 71' lang='grc' dir='ltr'><strong>δὴ</strong></span> <span class='ocrx_word' id='word_1_224' title='bbox 1015 3952 1166 4023; x_wconf 82' lang='grc' dir='ltr'><em>πεπονόόις</em></span> <span class='ocrx_word' id='word_1_225' title='bbox 1188 3952 1248 4029; x_wconf 70' lang='grc' dir='ltr'><strong>ἐγὼ</strong></span> <span class='ocrx_word' id='word_1_226' title='bbox 1269 3955 1341 4033; x_wconf 85' lang='grc' dir='ltr'><em>πρός</em></span> 
     </span>
     <span class='ocr_line' id='line_1_32' title="bbox 155 4059 1341 4145; baseline 0.002 -21"><span class='ocrx_word' id='word_1_227' title='bbox 155 4068 212 4125; x_wconf 83' lang='grc' dir='ltr'><em>τῶν</em></span> <span class='ocrx_word' id='word_1_228' title='bbox 243 4062 379 4135; x_wconf 80' lang='grc' dir='ltr'><em>ἐμαυτοῦ</em></span> <span class='ocrx_word' id='word_1_229' title='bbox 411 4067 552 4124; x_wconf 81' lang='grc' dir='ltr'><em>πολιτῶν.</em></span> <span class='ocrx_word' id='word_1_230' title='bbox 602 4059 694 4124; x_wconf 87' lang='lat' dir='ltr'><strong>Nihil</strong></span> <span class='ocrx_word' id='word_1_231' title='bbox 724 4064 771 4124; x_wconf 90' lang='lat' dir='ltr'><strong>eet</strong></span> <span class='ocrx_word' id='word_1_232' title='bbox 802 4059 908 4145; x_wconf 80' lang='lat' dir='ltr'><strong>magis</strong></span> <span class='ocrx_word' id='word_1_233' title='bbox 938 4059 1120 4140; x_wconf 79' lang='lat' dir='ltr'><strong>passivum,</strong></span> <span class='ocrx_word' id='word_1_234' title='bbox 1153 4063 1190 4121; x_wconf 90' lang='lat' dir='ltr'><strong>ut</strong></span> <span class='ocrx_word' id='word_1_235' title='bbox 1212 4061 1341 4144; x_wconf 87' lang='lat' dir='ltr'><strong>opinor,</strong></span> 
     </span>
    </p>
   </div>
   <div class='ocr_carea' id='block_1_7' title="bbox 154 4161 1341 4462">
    <p class='ocr_par' dir='ltr' id='par_1_9' title="bbox 154 4161 1341 4462">
     <span class='ocr_line' id='line_1_33' title="bbox 154 4161 1341 4252; baseline -0.001 -20"><span class='ocrx_word' id='word_1_236' title='bbox 154 4188 250 4251; x_wconf 88' lang='lat' dir='ltr'><strong>quam</strong></span> <span class='ocrx_word' id='word_1_237' title='bbox 281 4168 411 4243; x_wconf 75' lang='grc' dir='ltr'><em>πληνοὶς</em></span> <span class='ocrx_word' id='word_1_238' title='bbox 444 4166 632 4244; x_wconf 67' lang='grc' dir='ltr'><em>λαμβάνειν.</em></span> <span class='ocrx_word' id='word_1_239' title='bbox 680 4164 779 4230; x_wconf 87' lang='lat' dir='ltr'><strong>Recte</strong></span> <span class='ocrx_word' id='word_1_240' title='bbox 810 4170 841 4228; x_wconf 91' lang='lat' dir='ltr'><strong>et</strong></span> <span class='ocrx_word' id='word_1_241' title='bbox 865 4162 974 4228; x_wconf 90' lang='lat' dir='ltr'><strong>ordine</strong></span> <span class='ocrx_word' id='word_1_242' title='bbox 998 4161 1119 4250; x_wconf 81' lang='lat' dir='ltr'><strong>legitur</strong></span> <span class='ocrx_word' id='word_1_243' title='bbox 1141 4183 1215 4252; x_wconf 82' lang='lat' dir='ltr'><strong>pag.</strong></span> <span class='ocrx_word' id='word_1_244' title='bbox 1242 4163 1341 4232; x_wconf 84' lang='lat'><strong>1799.</strong></span> 
     </span>
     <span class='ocr_line' id='line_1_34' title="bbox 154 4267 1340 4355; baseline -0.001 -18"><span class='ocrx_word' id='word_1_245' title='bbox 154 4273 283 4351; x_wconf 73' lang='grc' dir='ltr'><em>πληγὰς</em></span> <span class='ocrx_word' id='word_1_246' title='bbox 315 4272 534 4350; x_wconf 71' lang='grc' dir='ltr'><em>λαμβάνοντες</em></span> <span class='ocrx_word' id='word_1_247' title='bbox 567 4274 664 4337; x_wconf 72' lang='grc' dir='ltr'><strong>’ΤΠΟ</strong></span> <span class='ocrx_word' id='word_1_248' title='bbox 697 4278 757 4336; x_wconf 81' lang='grc' dir='ltr'><em>τῶν</em></span> <span class='ocrx_word' id='word_1_249' title='bbox 788 4268 885 4349; x_wconf 73' lang='grc' dir='ltr'><em>πέριξ.</em></span> <span class='ocrx_word' id='word_1_250' title='bbox 920 4275 953 4332; x_wconf 86' lang='lat' dir='ltr'><strong>et</strong></span> <span class='ocrx_word' id='word_1_251' title='bbox 982 4287 1057 4355; x_wconf 81' lang='lat' dir='ltr'><strong>pag.</strong></span> <span class='ocrx_word' id='word_1_252' title='bbox 1088 4267 1188 4334; x_wconf 92' lang='grc'><strong>2000.</strong></span> <span class='ocrx_word' id='word_1_253' title='bbox 1212 4271 1340 4350; x_wconf 75' lang='grc' dir='ltr'><em>πληγὰς</em></span> 
     </span>
     <span class='ocr_line' id='line_1_35' title="bbox 154 4372 1341 4462; baseline 0.001 -18"><span class='ocrx_word' id='word_1_254' title='bbox 154 4380 335 4459; x_wconf 79' lang='grc' dir='ltr'><em>όλοόμβανον</em></span> <span class='ocrx_word' id='word_1_255' title='bbox 364 4378 441 4444; x_wconf 76' lang='lat' dir='ltr'><strong>‘Tn’</strong></span> <span class='ocrx_word' id='word_1_256' title='bbox 472 4381 579 4444; x_wconf 78' lang='grc' dir='ltr'><em>αὐτοῦ.</em></span> <span class='ocrx_word' id='word_1_257' title='bbox 626 4375 689 4443; x_wconf 80' lang='lat' dir='ltr'><strong>Sed</strong></span> <span class='ocrx_word' id='word_1_258' title='bbox 719 4377 854 4444; x_wconf 87' lang='lat' dir='ltr'><strong>absurde</strong></span> <span class='ocrx_word' id='word_1_259' title='bbox 884 4396 958 4462; x_wconf 80' lang='lat' dir='ltr'><strong>pag.</strong></span> <span class='ocrx_word' id='word_1_260' title='bbox 983 4372 1082 4440; x_wconf 83' lang='grc'><strong>2215.</strong></span> <span class='ocrx_word' id='word_1_261' title='bbox 1107 4376 1230 4451; x_wconf 77' lang='grc' dir='ltr'><em>πολλαὶς</em></span> <span class='ocrx_word' id='word_1_262' title='bbox 1253 4393 1341 4462; x_wconf 88' lang='grc' dir='ltr'><em>λαμ·</em></span> 
     </span>
    </p>
   </div>
   <div class='ocr_carea' id='block_1_8' title="bbox 0 0 1552 5004">
    <p class='ocr_par' dir='ltr' id='par_1_10' title="bbox 0 0 1552 5004">
     <span class='ocr_line' id='line_1_36' title="bbox 0 0 1552 5004; baseline 0 0"><span class='ocrx_word' id='word_1_263' title='bbox 0 0 1552 5004; x_wconf 95' lang='lat' dir='ltr'><strong> </strong></span> 
     </span>
    </p>
   </div>
  </div>
 </body>
</html>
