3076 5004
808 283 878 359 148

246 504 339 570 quam
367 480 540 566 ἕζνλωκοίς,
564 504 678 568 nempe
701 481 823 564 ἕζννοίς.
871 483 924 549 Sic
945 483 1031 548 enim
1055 481 1214 565 sequiores
1236 500 1293 565 pro
1317 476 1439 558 βεβιω-

246 593 303 665 κώς
326 590 428 655 dicere
451 589 570 668 solent,
596 595 633 654 ut
656 589 720 655 alio
744 590 814 655 loco
837 591 1013 656 ostendam.

294 803 372 890 Peg.
408 800 505 867 1447.
539 803 572 866 αἱ
602 801 634 866 δὲ
668 800 779 878 tyrae}
814 799 974 875 Ῥωμαίοις
1008 797 1167 876 ἐγίγνοντο
1199 799 1237 869 ὡς
1264 794 1317 861 καὶ
1342 793 1441 874 μέχρι

249 915 306 974 τῶν
339 909 407 974 καί·
440 910 523 984 ήμοῖς
555 906 668 986 χρόνων
697 905 736 972 δι’
763 905 878 985 ἡμέρας
904 905 1155 978 ἐπίπονα-τοὶς
1179 905 1210 968 δὲ
1233 899 1356 982 μεταξὺ
1380 906 1443 964 τῶν

248 1017 365 1094 οίγορῶν
396 1017 525 1080 ἝΠΤΑ
550 1013 720 1092 ήμέρας-
735 1014 764 1076 ἐν
789 1020 851 1083 τοῖς
878 1014 984 1092 οέγροίς
1009 1011 1165 1089 διέτριβον.
1215 1007 1440 1076 Oasaubonus:

241 1122 364 1206 potavit
393 1122 557 1207 Dionysias
588 1121 627 1206 (si
659 1120 775 1204 quidem
806 1119 851 1182 ita
880 1118 1044 1202 scripserit)
1072 1155 1113 1165 —
1130 1117 1236 1203 fecisse
1266 1117 1303 1178 ub
1328 1112 1444 1178 erectis

249 1229 395 1290 baudinis
425 1230 467 1291 ad
486 1228 639 1311 prosimos
669 1226 822 1288 eeaadiaes
844 1231 965 1310 septem
989 1225 1063 1287 dies.
1111 1227 1152 1288 At
1176 1229 1245 1289 octo
1269 1223 1356 1285 circat
1380 1219 1443 1282 Le-

251 1333 311 1396 tiai
333 1334 504 1416 scriptores,
529 1334 635 1419 peritias
650 1333 912 1415 potias‘tobeado
927 1333 1028 1414 fides:
1051 1338 1085 1394 ut
1108 1353 1221 1394 aecesse
1243 1329 1284 1392 sit
1303 1330 1356 1391 ioc
1375 1327 1442 1390 loco

251 1462 311 1503 esse
334 1441 382 1502 oet
413 1445 478 1504 τοῦ
512 1439 792 1518 συγγραφέως
820 1446 989 1521 peecatum,
1014 1440 1091 1522 qaod
1113 1437 1244 1521 equidem
1266 1457 1325 1499 noa
1341 1439 1445 1517 pate,-

250 1546 299 1608 oet
319 1550 372 1609 τοῦ
396 1546 560 1624 γραφέως,
585 1546 636 1631 qai
660 1553 684 1607 Z
706 1544 839 1627 posuerit
855 1567 913 1627 pro
939 1554 976 1608 H.
1001 1545 1036 1606 id
1054 1551 1096 1608 est
1117 1542 1199 1607 ἑττοί
1213 1563 1271 1625 pro
1291 1536 1400 1603 οάτοί.”
1418 1536 1442 1622 ¹)

250 1647 399 1716 Graviter
431 1653 555 1716 fallitur
578 1654 629 1715 vir
652 1653 810 1738 egregius.
859 1649 1018 1734 Imposuit
1042 1652 1071 1714 ei
1094 1648 1239 1714 Rutilius
1263 1645 1347 1731 apud
1369 1642 1444 1708 Ma·

249 1758 394 1821 crobium
426 1759 577 1822 Satricani.
611 1757 636 1821 I.
672 1756 725 1820 16.
759 1757 925 1833 „Rutilias
955 1757 1059 1820 scribit
1090 1756 1239 1819 Romanor
1272 1750 1446 1816 instituisse

247 1865 400 1927 αααοίίααο
428 1872 463 1927 ut
493 1869 562 1929 octo
586 1853 701 1949 quidem
733 1864 834 1926 diebus
866 1863 899 1926 ia
930 1863 1012 1943 apris
1041 1863 1149 1926 rustici
1178 1883 1249 1944 opas
1275 1860 1444 1944 fecerent,

250 1979 332 2033 nono
363 1976 458 2033 catera
490 1971 540 2033 die
564 1970 732 2049 intermisso
762 1992 832 2032 aare
855 1971 897 2031 ed
918 1976 1075 2032 mercatam
1099 1970 1230 2053 leuesque
1253 1964 1447 2048 οοοίρνίαοᾶοο

251 2075 375 2138 Romam
405 2075 570 2140 eeaireat.’'
616 2076 661 2140 Ut
692 2079 840 2160 appareat
872 2097 957 2141 error
984 2079 1061 2141 satis
1085 2081 1133 2140 est
1156 2073 1380 2139 trinundinum
1405 2091 1447 2134 ex

253 2176 439 2247 Calendario
464 2183 656 2247 describere:

389 2287 1303 2375 abedafipuabeuefipnn

298 2395 327 2459 A
360 2399 407 2459 est
438 2394 504 2459 dies
534 2395 766 2458 nundinarum:
799 2397 906 2478 itaque
931 2395 963 2457 ui
987 2394 1109 2471 μεταξὺ
1135 2402 1193 2458 τῶν
1217 2396 1334 2471 οίγορῶν
1356 2388 1446 2454 rma

254 2499 363 2579 ήμίροα
395 2500 483 2576 είσίν,
518 2506 550 2565 et
577 2499 722 2565 Rutilius
745 2501 824 2565 alias
847 2521 896 2565 res
921 2503 1035 2588 agebat
1059 2522 1160 2586 quum
1183 2507 1245 2563 oete
1268 2499 1337 2563 dies
1358 2499 1447 2562 inter

253 2606 332 2671 duas
355 2607 511 2670 nundinas
534 2608 736 2690 interpositos
760 2627 826 2670 esse
850 2608 1010 2677 scriberet,

300 2713 400 2799 Saepe
429 2716 493 2779 vidi
525 2718 692 2799 scriptores
722 2720 844 2780 veteres
874 2717 909 2778 in
932 2736 969 2780 ea
991 2737 1024 2780 re
1048 2736 1114 2780 esse
1138 2714 1388 2802 negligentiores
1413 2716 1448 2777 et

253 2823 289 2886 in
306 2820 457 2886 mirificos
475 2842 593 2885 errores
611 2842 643 2886 se
660 2822 806 2892 induere,
825 2826 862 2884 ut
877 2823 911 2884 in
927 2823 996 2905 ipso
1007 2821 1162 2907 Dionysio
1174 2821 1256 2885 infra
1268 2819 1447 2884 ostendam.

300 2925 407 3006 Quum
432 2915 563 2992 dixisset
587 2925 791 3012 Thucydides
811 2926 833 2990 I.
862 2925 913 2988 10.
938 2928 1188 3012 (Lacedaemonii)
1212 2927 1447 2999 [trasmittere
1502 2938 1504 2943 '

255 3039 312 3096 τῶν
346 3033 437 3097 πέντε
470 3033 528 3106 τοὶς
562 3032 612 3097 δύο
644 3033 750 3111 μοίρας
776 3031 934 3109 νέμονται,
959 3032 1134 3098 Pausanias
1157 3034 1268 3098 scribit
1290 3032 1327 3097 V.
1355 3031 1386 3097 1.
1415 3031 1448 3097 1.

252 3137 343 3204 Ὀσα
367 3139 398 3204 δὲ
424 3138 579 3214 Ἑλλήνων
603 3139 831 3214 Πελοποννήσου
856 3137 947 3203 πέντε
974 3135 1049 3203 εἶναι
1072 3140 1178 3218 μοίρας
1203 3139 1256 3203 καὶ
1281 3140 1313 3203 οὐ
1338 3139 1447 3205 πλείο-

255 3243 309 3317 νοίο
330 3252 447 3327 φασιν,
470 3251 501 3311 et
520 3244 718 3330 Thucydidis
739 3247 927 3329 interpretes
947 3251 1103 3329 quaerunt
1122 3267 1202 3331 qnae
1223 3248 1287 3310 sint
1304 3248 1448 3330 quinque

255 3357 376 3437 partes,
401 3348 536 3437 in'quas
557 3350 635 3415 olim
660 3356 727 3414 tota
750 3349 984 3435 Peloponnesus
1008 3353 1112 3417 divisa
1133 3353 1256 3417 fuisset.
1302 3350 1376 3416 Non
1398 3352 1448 3415 in-

254 3458 446 3525 tellexerunt
477 3463 535 3521 τῶν
566 3454 658 3519 πέντε
689 3457 747 3526 τοδε
773 3458 822 3520 δύο
848 3459 955 3536 μοίρας
981 3456 1159 3544 significare
1183 3467 1219 3548 ξ,
1245 3457 1329 3541 quod
1352 3457 1449 3522 aliter

255 3587 352 3652 quam
384 3567 428 3629 sic
457 3561 575 3629 Graece
598 3563 662 3626 diei
685 3584 746 3628 non
770 3570 883 3648 potest.
932 3563 985 3628 Sic
1009 3569 1046 3646 {5
1073 3567 1190 3629 dicitur
1214 3564 1298 3648 apud
1321 3563 1446 3651 Diony·

256 3675 342 3739 sium
372 3692 446 3757 pag.
479 3668 577 3733 1341.
611 3669 687 3745 μίαν
720 3670 903 3734 ὑπελείπετο
935 3679 1044 3749 μοῖραν
1075 3671 1109 3734 ἐκ
1139 3677 1195 3735 τῶν
1226 3670 1312 3735 δέκα.
1345 3676 1378 3735 et
1401 3672 1448 3736 sic

256 3779 415 3846 Hesiodus
437 3778 471 3839 in
490 3774 596 3859 lepida
615 3775 723 3840 t'abula
744 3777 782 3840 de
802 3775 922 3841 'Piresia
943 3778 1026 3861 apud
1045 3777 1274 3862 Apollodorum
1291 3776 1350 3842 III.
1366 3774 1398 3841 6.
1415 3773 1446 3842 7.

416 3880 476 3955 υίήν
499 3881 555 3958 μὲν
580 3889 688 3959 μοῖραν
712 3881 785 3947 δέκα
810 3889 917 3962 μοιρῶν
940 3882 1088 3961 τέρπεται
1113 3885 1205 3962 οξνήρ,

412 3986 472 4058 τοὶς
495 3987 527 4052 δὲ
547 3985 611 4051 ’δέκ’
637 3988 838 4070 ἐμπίμπλησι
862 3990 938 4066 γυνή
964 3988 1119 4070 τέρπουσα
1144 3988 1253 4067 νόημα.

256 4161 462 4180 ...annunt-’‘¹-

289 4256 316 4318 1)
334 4250 449 4300 Imitatur
467 4251 617 4301 Gasaubonns
635 4251 762 4316 Polybium
780 4268 861 4311 suurn,
881 4252 922 4317 qui
939 4252 1030 4302 dixerat
1048 4253 1106 4302 XII.
1124 4270 1145 4302 a.
1163 4271 1215 4319 pag.
1235 4252 1289 4305 727.
1309 4255 1445 4318 τοῦτσγδορ

253 4335 356 4418 asflat
382 4334 414 4398 sic
443 4338 529 4391 έίπειεν
555 4339 630 4402 δήπου
657 4344 703 4390 τοῦ
728 4340 892 4406 συγγραφέως
918 4338 975 4392 εἶναι
1001 4341 1031 4392 τό
1057 4339 1203 4406 διάπτωμα,
1222 4345 1268 4393 τοῦ
1286 4341 1312 4393 δὲ
1331 4342 1444 4411 γραφέως

253 4429 460 4495 ίμολνγονμίνωρ.·
