3076 5004
710 272 752 348 73

133 464 211 535 ναοῖο
240 493 300 534 rem
329 493 432 552 ροσονε
462 472 599 554 (cladem
630 474 785 558 accipere)
815 477 853 538 nt
875 471 1105 539 Demosthenes
1121 496 1181 558 pro
1208 473 1327 540 Οοοοκο

132 598 209 664 pag.
223 576 301 643 231.
316 576 344 641 4.
367 579 405 643 de
426 577 602 644 Thebanis:
626 573 668 651 οἷς
689 580 905 659 εὐτυχήκεσαν
928 581 957 643 ἕν
971 580 1136 657 Λεύκτροις
1150 583 1182 646 οὐ
1196 581 1325 659 μετρίως

133 683 320 769 ἐκέχρηντο,
342 685 377 749 id
401 691 449 750 est
472 687 598 750 victorio
622 687 777 751 doaetrina
799 688 885 749 ωομεν·
906 694 984 750 eunt.
1034 684 1088 750 Sic
1111 708 1203 772 saepe
1223 685 1327 752 clades

132 787 332 857 Graecorum
364 790 592 857 Chaeronensis
620 791 799 878 appellatur
831 796 847 868 ἦ
880 792 944 871 περὶ
976 792 1159 871 Χαιρώνειαν
1184 790 1326 875 ἀτυχία,

132 896 189 962 vel
212 896 247 960 τὸ
270 895 428 978 οῖτύχκμα
450 898 485 962 πὸ
509 899 574 977 περὶ
601 901 794 979 Χαιρώνειαν.

182 1010 367 1083 Δνευτυχεῖν
396 1006 499 1092 igitur
530 1005 568 1070 de
600 1007 642 1070 iis
670 1006 805 1088 dicitur,
830 1006 886 1090 qui
905 1011 1045 1088 perpetuo
1070 1025 1108 1070 ex
1132 1003 1253 1091 proelio
1276 1023 1328 1068 su·

130 1111 272 1194 periores
304 1109 486 1187 discedunt,
519 1111 602 1196 quod
633 1112 672 1176 ab
696 1111 729 1176 h.
741 1111 766 1176 1.
791 1131 919 1196 prorsus
943 1110 1083 1175 alienum
1109 1114 1166 1176 est.
1214 1110 1326 1195 Itaque

131 1219 293 1300 expuncta
326 1219 558 1301 praepositione
592 1216 812 1283 scribendum:
849 1216 944 1294 ὀλίγον
981 1215 1038 1293 μέν
1073 1241 1143 1280 τινα
1180 1215 1232 1280 καὶ
1269 1221 1328 1280 τῶν

134 1322 281 1400 Σαβίνων
308 1323 546 1404 ΕΤτυχούνσων.
573 1334 615 1388 ΔΙ
641 1344 679 1389 ex
702 1323 901 1408 praecedenti
926 1330 955 1388 N
979 1328 1092 1387 natum
1117 1328 1175 1388 est.

181 1531 262 1621 Pag.
284 1530 359 1598 579.
383 1536 564 1607 οἱσπασΤῶς
587 1533 752 1611 δεξάμενος
773 1534 828 1607 τὴν
847 1531 919 1599 ἄνευ
938 1533 1077 1599 κινδύνων
1098 1531 1261 1609 ὑποταγὴν
1272 1534 1326 1596 τοῦ

135 1635 246 1711 ἔθνους.
281 1638 440 1704 Usitatins
462 1643 565 1704 estin
589 1641 725 1725 pedestri
748 1661 891 1705 sermone
913 1639 1071 1712 οῖσποὶσΙος
1092 1645 1124 1704 et
1143 1640 1324 1715 οῖσπασῖως,

136 1745 193 1810 sed
216 1747 332 1810 sumsit
356 1746 505 1815 οἱστατῶς
530 1747 569 1811 ab
592 1745 763 1811 Herodoto.

183 1952 261 2043 Pag.
297 1952 374 2021 588.
405 1953 502 2020 ἔπειτ’
534 1957 660 2021 ἐπελθὸν
692 1958 776 2038 αὐτῷ
809 1957 894 2022 καποὶ
925 1955 1055 2033 δαίμονα
1090 1955 1162 2036 διχῇ
1194 1954 1326 2030 vicem

136 2061 189 2126 τὸν
221 2064 395 2138 οῖμπελῶνα
426 2065 539 2142 θοίτερα
572 2066 628 2140 μὲν
659 2066 754 2129 αὑτοῦ
779 2064 984 2140 λαμβανΩΝ
1009 2063 1043 2125 ἔκ
1068 2059 1186 2138 δεξιᾶς,
1212 2059 1327 2140 ῖοὶτερα

136 2169 165 2233 δ’
191 2166 224 2243 ἐξ
247 2170 400 2248 ipseper.
436 2165 531 2234 Certa
549 2176 598 2234 est
618 2175 649 2234 et
669 2170 848 2254 recipienda
866 2169 990 2234 Reiskii
1012 2169 1191 2234 emendatio
1210 2168 1326 2246 νῖμθΙ,

135 2296 212 2341 nam
243 2277 271 2340 si
301 2274 401 2350 νέμειν
433 2275 565 2340 dixisset
588 2296 651 2340 non
673 2274 848 2352 λαμβάνων
871 2275 925 2340 sed
949 2273 1158 2353 λαμβάνοντα
1182 2274 1327 2339 additum

135 2383 289 2467 oportuit.

183 2576 263 2667 Pag.
292 2575 368 2644 588.
393 2580 503 2645 Attius
526 2579 650 2645 Nerius
673 2580 837 2664 auspicans
857 2579 926 2649 τοὺς
946 2576 1189 2658 παρακειμένους
1211 2577 1326 2650 οἰωνοὺς

136 2683 269 2748 ἐσκόπει.
318 2681 419 2749 Sensn
443 2689 528 2749 caret
550 2685 803 2763 repausaturae.
851 2683 932 2750 Vera
954 2683 1049 2750 lectio
1070 2683 1144 2749 elici
1163 2687 1267 2768 potest
1287 2704 1327 2748 ex

135 2792 272 2857 vicinia:
295 2790 363 2862 τοὺς
385 2787 497 2871 ὄρνιθας
520 2789 641 2872 διέκρινε
662 2792 731 2863 τοὺς
753 2789 1053 2871 παραΓΙΝΟμένονς
1073 2793 1160 2855 κατα
1178 2790 1213 2854 τὸ
1238 2791 1325 2855 αὐτὸ.

182 2967 262 3058 Peg.
299 2967 373 3035 594.
408 2970 477 3035 οὔτε
509 2971 560 3036 τὸν
592 2970 680 3052 μόρον
713 2973 807 3037 αὐτοῦ
832 2995 878 3040 τις
903 2971 1032 3045 ἠδύνατο
1057 2971 1235 3048 συμβαλεῖν
1258 2969 1327 3036 οὔτε

135 3076 173 3141 τὸ
196 3082 286 3154 σῶμα
311 3078 508 3157 ἐφευρεῖν.
546 3076 737 3143 Mendosum
762 3086 810 3143 est
830 3078 961 3143 verbum
982 3080 1205 3163 compositum.
1244 3075 1329 3142 Sim·

134 3181 215 3268 plici
244 3187 339 3262 εὑρεῖν
369 3185 403 3246 in
435 3205 472 3248 ea
493 3204 527 3249 re
550 3204 660 3249 omnes
682 3184 865 3250 utebantur.
914 3182 1049 3248 Urbinas
1072 3184 1165 3264 εὑρεῖν
1190 3185 1331 3249 servavit

135 3289 192 3354 sed
214 3291 385 3375 spemitnr.

184 3397 344 3477 Ἐφευρεῖν
376 3404 424 3460 est
453 3394 557 3462 forma
585 3393 776 3472 Homerica,
815 3416 877 3482 qua
907 3415 1002 3461 nemo
1032 3395 1067 3459 in
1099 3393 1246 3481 populari
1269 3416 1331 3460 ser-

135 3521 232 3567 mone
253 3503 368 3567 nt‘tnr.

184 3680 263 3771 Peg.
299 3681 373 3749 595.
408 3683 441 3749 οὐ
473 3685 533 3761 μὴν
565 3682 844 3761 καταγωνίσασθαί
873 3706 914 3760 γε
945 3683 999 3756 τὴν
1028 3681 1172 3756 ἀλήθειαν
1193 3679 1330 3762 ἴσχυσαν

139 3789 205 3855 οὐδὲ
229 3798 336 3854 πεῖσαν
361 3791 411 3856 τὸν
437 3790 530 3866 δῆμον
559 3788 766 3877 [ἕδνννὶθνσαν]
795 3789 944 3864 ἐκβαλεῖν
968 3786 1062 3851 αὐτὸν
1082 3789 1117 3851 ἐκ
1141 3796 1196 3862 τῆς
1220 3790 1333 3869 ἀρχῆς.

138 3895 190 3960 Ad
219 3893 356 3977 ῖσχυσαν
386 3897 553 3982 adscripsit
584 3897 689 3961 nescio
721 3897 793 3981 quis
826 3896 1029 3971 ἐδυνήθησαν,
1061 3894 1145 3979 qnod
1165 3896 1200 3958 in
1223 3894 1331 3960 sedem

138 4000 399 4069 molestissimam
424 4024 464 4068 ex
486 4004 633 4089 margine
656 4002 793 4088 irrepsit.

182 4181 261 4273 Pag.
288 4181 365 4249 595.
389 4158 540 4264 additae
563 4185 713 4265 παρῄνουν
737 4183 781 4260 μὲν
803 4186 957 4262 ΠΑΡορῖον
982 4179 1076 4261 ἄνδρα
1101 4181 1208 4259 μιαρὸν
1241 4182 1329 4260 ἱεροῖς

137 4288 347 4370 προσφέροντα
377 4291 436 4361 τοὶς
468 4298 589 4370 χεῖρας.
639 4289 718 4369 Quis
748 4308 811 4353 non
841 4289 926 4354 vidit
956 4291 1124 4370 ΠΕΡΙορῖον
1156 4288 1190 4354 in
1214 4286 1273 4352 tali
1297 4309 1331 4355 re

137 4416 203 4463 esse
226 4393 422 4464 dicendum?
528 4411 530 4415 ·
