3076 5004
685 284 751 354 217

168 476 336 563 Sequitur:
372 482 478 544 τοῦτο
513 477 539 540 δ’
575 475 651 555 icio,
687 473 709 542 ίο
746 475 784 541 σὺ
821 472 955 554 κροίπλςοο
986 474 1118 557 νομίζεις
1150 471 1313 543 οίνοολνοιί

124 592 245 650 πολλῶν
277 584 447 665 χρυμοίτου
480 585 578 655 alveis
610 584 698 671 (libri
721 581 818 653 οίπιος
844 576 886 667 εἶ)
920 580 1077 663 πρίοοοίοοο.
1124 581 1240 648 Infelix
1269 587 1317 650 est

123 691 262 756 Editoris
304 696 484 756 coniectura
518 691 625 761 οίτεῖς.
687 688 948 754 Emendaverim:
986 695 1107 753 πολλῶν
1142 687 1315 770 χρυμοίπυν

124 794 258 872 οίξοοῑς
291 798 448 876 aptandas.
496 796 618 862 Notum
648 801 696 860 est
730 793 827 868 οίπνορ
859 798 892 858 et
927 791 1010 870 ἄξιος
1047 797 1203 860 sexcentis
1237 793 1316 859 locis

125 903 208 968 inter
230 923 263 968 se
287 903 449 968 confundi.

167 1143 328 1230 Insperato
351 1143 495 1208 fortunae
517 1141 669 1208 beneficio
689 1162 728 1207 ex
748 1141 852 1206 Athoo
871 1137 986 1207 Codice
1005 1141 1126 1227 prodiit
1146 1141 1315 1227 descriptio

122 1271 248 1337 pugnae
272 1251 312 1315 ad
335 1249 491 1314 Asculum
514 1270 552 1314 ex
576 1249 723 1336 Dionysii
747 1248 829 1313 libro
853 1247 917 1313 XX
939 1254 1097 1334 excerpta.

170 1387 204 1449 ἐκ
235 1392 289 1460 τῆς
322 1386 476 1450 Διονυσίου
507 1383 619 1461 ίςορίοος
648 1384 673 1463 β
706 1383 861 1472 (βιβλίου)
894 1392 919 1448 Κ
955 1382 1096 1471 (είκοςοῦ)
1122 1384 1237 1465 Πύρρου
1261 1383 1314 1448 acl

124 1491 282 1566 Ῥωμαίων
301 1483 353 1559 bb
379 1506 387 1561 t
394 1492 530 1576 ὑποίτων)
550 1494 685 1556 Ποπλίου
705 1493 816 1555 Δεκίου
833 1490 885 1554 aui
904 1491 1040 1554 Ποπλίου
1060 1490 1314 1555 Σουλπικίουτ-

169 1594 328 1680 Descripsi
358 1597 490 1661 Parisiis
522 1617 619 1680 quam
653 1597 900 1684 diligentissime
924 1601 1029 1660 totum
1053 1595 1160 1660 locum
1185 1616 1224 1661 ex
1247 1598 1316 1683 ipso

126 1699 257 1773 Codice,
291 1702 346 1767 sed
373 1702 456 1765 nihil
486 1723 678 1789 magnopere
709 1705 833 1789 repperi
868 1701 951 1786 quod
975 1701 1152 1766 doctissimi
1175 1700 1316 1766 Editoris

124 1808 232 1874 oculos
264 1809 401 1895 fugerit,
435 1827 510 1872 nam
542 1808 619 1892 quid
643 1812 758 1873 attinet
781 1810 860 1873 scire
883 1809 917 1870 in
940 1804 1055 1872 Codice
1079 1807 1174 1872 scribi
1198 1831 1318 1884 μεποοο.

126 1918 197 1998 τὴν,
242 1913 437 1990 percuretis,
476 1913 714 1992 ἕξοομπροικίοος,
752 1914 1010 1991 ἐκπουποίροοντος,
1048 1912 1222 1990 ἐξεποίμου,
1261 1922 1317 1988 τῆς

127 2022 254 2084 adalasia
278 2023 477 2100 ίυροοοοοφοροο
500 2029 656 2098 Φολοιγρι
682 2021 734 2107 (τῇ
759 2025 913 2083 Σαυνιτῶν
935 2019 1108 2098 ίυρεοοφόρορ
1127 2019 1315 2104 Φοίλοογγο),

128 2150 226 2206 κεςρον
259 2127 495 2205 μοιχεροειδεῖς,
525 2126 739 2204 emendaverat,
765 2124 895 2204 ἐχώρουν
918 2125 1027 2202 ὄμοσον
1053 2124 1184 2209 (ὁμόσε),
1208 2141 1317 2207 χολη·

126 2235 208 2316 νοός,
231 2231 426 2315 πορνδεννουν,
448 2237 480 2296 et
499 2231 619 2296 similia
643 2233 767 2307 omnia,
792 2230 972 2296 cuiusmodi
995 2231 1168 2315 scripturae
1187 2234 1269 2297 vitia
1284 2235 1318 2297 in

126 2339 274 2404 omnibus
306 2342 452 2403 omnium
475 2332 644 2402 Codicibus
668 2333 956 2402 circumferuntur?
997 2336 1143 2401 Praestat
1164 2338 1317 2422 pauculos

127 2443 279 2528 quosdam
311 2464 430 2508 errores
460 2442 602 2507 nondum
633 2443 672 2507 eb
697 2442 769 2507 aliis
792 2443 1027 2508 animadversos
1051 2445 1199 2508 eximere.
1236 2444 1315 2532 Peg.

127 2548 202 2614 252.
235 2551 269 2613 in
299 2546 414 2614 (lodice
444 2553 507 2630 est,
539 2550 632 2619 οὗτος
665 2548 695 2613 δὲ
727 2548 762 2613 πὸ
795 2549 982 2624 καλούμενον
1013 2548 1177 2626 βασιλικὸν
1201 2548 1316 2628 ianua

126 2661 184 2721 πῶν
217 2656 385 2719 ἐπιλέκτων
418 2655 534 2719 ἱππίων
565 2655 639 2730 ίμοῦ
663 2679 699 2718 τε
723 2655 779 2741 (πο)
806 2655 965 2733 δισχιλίων
988 2656 1054 2734 περί
1080 2658 1172 2720 αὐτὸν
1196 2656 1314 2744 (αὑτὸν)

125 2760 205 2843 ἔχων
231 2762 318 2833 ἐκτὸς
344 2757 376 2835 ἦν
401 2758 537 2836 reticos·
561 2756 599 2825 εί
605 2785 666 2825 νυν
690 2770 754 2832 τοῖς
778 2760 944 2834 κοίμνουοον
968 2762 1028 2825 aial
1056 2763 1131 2848 (οίεί)
1156 2769 1214 2826 τῶν
1238 2771 1315 2844 σφε·

124 2866 215 2948 πίρυν
240 2866 397 2944 ἕξετοίριου
428 2890 568 2946 ποορενονν
595 2867 679 2955 (sic).
716 2867 779 2932 Pro
802 2865 942 2946 ποίρεοπον
966 2866 1134 2932 Dubnerus
1155 2867 1318 2949 ἐπάρκεσον

124 2974 307 3050 substituit,
340 2975 374 3036 in
406 2994 468 3058 quo
502 2979 549 3039 est
581 2973 703 3058 aliquid
730 2973 823 3049 boni,
849 2973 903 3038 sed
927 2971 1149 3038 difficultatem
1172 2973 1235 3039 loci
1257 2977 1318 3039 mi-

124 3083 212 3144 nime
243 3081 287 3143 sic
318 3079 490 3163 expedivit.
542 3079 643 3144 Deme
673 3101 712 3144 ex
746 3088 862 3144 61an
886 3081 1024 3164 primam
1050 3084 1082 3144 et
1105 3079 1256 3144 ultimam
1279 3081 1318 3146 li-

124 3185 262 3252 terulam
293 3190 325 3248 et
356 3185 507 3249 emicabit
538 3205 613 3251 vera
640 3184 734 3250 lectio
758 3185 851 3250 haec:
875 3185 966 3250 ἽΝΑ
990 3193 1052 3258 τοῖς
1078 3186 1244 3261 κοίμνουοον
1268 3187 1316 3251 aiei

123 3298 182 3356 τῶν
205 3289 359 3370 σφετέρων
384 3288 418 3365 ἐξ
443 3289 564 3364 ἑτοίμου
585 3292 825 3368 ἘποορΚΕΟΗΙ.

170 3395 278 3462 Multa
310 3400 450 3482 arguunt
472 3395 614 3460 Athoum
640 3394 789 3462 Oodioem
813 3417 852 3461 ex
874 3395 957 3462 libro
981 3399 1112 3482 antiquo
1135 3398 1316 3465 uncialibus

125 3503 228 3569 literis
268 3503 385 3585 scripto
422 3499 561 3566 fluxisse.
619 3501 716 3568 Erat:
753 3510 1112 3582 TAESQCINATOIC
1147 3511 1179 3569 et
1215 3506 1317 3571 oculis

125 3629 224 3695 paene
248 3609 406 3672 cernimus
430 3625 493 3692 quo
516 3612 609 3691 pacto
633 3602 710 3672 εἶνοοο
735 3611 778 3673 sit
802 3616 927 3674 natum.

175 3849 255 3938 Pag.
278 3846 356 3916 252.
381 3846 433 3915 aul
460 3849 672 3931 Φερενποινούς.
697 3847 844 3936 dederat,
870 3850 982 3937 crede,
1008 3852 1205 3934 Φρεντανούς.

173 4078 252 4165 Pag.
286 4076 361 4142 252.
396 4072 489 4141 οὗτοι
516 4076 561 4163 (cl
587 4073 725 4161 ίίροοοξυιν)
751 4077 876 4155 κοροίοος
902 4073 987 4159 εἶχον
1012 4079 1238 4159 ἕποβεβυκυίοος
1263 4087 1322 4154 ςδ-

128 4183 239 4262 arira
271 4185 361 4261 ίρίοῖς
392 4183 548 4260 πλαγίοις.
596 4182 688 4248 Nihil
719 4189 766 4248 est
797 4182 928 4260 ςίμοέον,
979 4182 1162 4253 Coniiciunt
1197 4189 1319 4266 ςοίλνξιυ

128 4297 184 4356 aut
227 4289 385 4368 ςίρίυγξιν
427 4292 544 4366 ὀρθοῖς,
581 4289 665 4374 quod
698 4308 760 4354 non
796 4291 960 4355 satisfecit.
1020 4288 1148 4359 Conieci
1184 4299 1322 4376 κοίμοιξον

127 4396 243 4481 ὀρθοῖς,
267 4401 305 4460 ut
329 4395 413 4481 apud
437 4394 571 4461 Suidam
596 4402 644 4462 est
670 4418 701 4463 v.
727 4394 846 4475 Κοίμυξ
869 4418 908 4462 ex
930 4400 1051 4463 incerto
1076 4406 1217 4478 auctore;
1241 4405 1266 4472 οἱ
1290 4405 1322 4473 u
