3076 5004
728 273 794 355 iae·

210 458 300 565 Pagj
319 475 416 545 1165.
432 458 503 554 ’τῖρν
519 456 608 546 πάλιν
629 475 819 559 παρέχοντες
839 475 942 543 άπασι
962 486 1025 551 τοῖς
1047 476 1196 557 δεομένοις
1218 478 1352 561 άοφαλνῖ

163 587 376 667 καταφυγὴν,
395 584 510 660 ταύτης
534 584 722 650 ἀπελαύνειν
742 585 923 662 ὑπομενεῖτε
940 584 1010 656 τοὺς
1029 587 1209 664 αὐθιγενεῖς.
1234 584 1355 673 Supple

166 692 228 782 (ἐκ)
255 690 372 765 ταύτης
396 691 594 769 άπελαύνειν.

211 899 292 989 Peg.
318 900 416 966 1166.
442 903 503 980 tyb
527 904 578 967 τὸν
602 901 695 979 δῆμον
719 900 783 966 οὔτ’
806 900 1027 975 άδιαλλάκτως
1053 901 1154 979 οἴομαι
1181 905 1251 986 πρὸς
1270 906 1354 981 ἡμᾶς

166 1006 250 1089 ἔχειν
276 1007 345 1073 ούτε
372 1006 491 1088 δράσειν
514 1033 545 1073 τι
569 1004 607 1072 ὦν
631 1010 775 1083 άπειλεῖ,
792 1045 833 1056 -
848 1010 926 1074 πολὺ
944 1010 976 1074 δὲ
998 1012 1122 1087 μάλλον
1143 1011 1225 1087 ἡμῶν
1247 1011 1355 1077 ἕσπον-

166 1113 291 1178 δαιιέναι
328 1116 395 1194 περὶ
432 1115 490 1187 τάς
526 1115 682 1186 διαλύσεις
719 1113 861 1199 [οἴομαι].
909 1114 1056 1181 Alterum
1091 1115 1193 1194 οἴομαι
1229 1115 1356 1183 inficeto

163 1219 287 1285 homini
312 1222 367 1306 qui
391 1221 515 1286 addidit
535 1220 732 1286 reddendum
756 1240 876 1286 censeo.

210 1413 289 1502 Peg.
324 1414 421 1481 1166.
453 1415 531 1487 τίνος
563 1409 613 1481 ούν
642 1413 734 1496 χάριν
761 1414 801 1500 [εἴ
822 1439 870 1486 τις
895 1411 989 1496 ἔροιτύ
1010 1415 1064 1502 με]
1089 1416 1149 1489 τάς
1173 1418 1352 1498 προκλήσεις

166 1523 198 1586 ού
221 1520 349 1603 δέχεται
369 1522 429 1593 τάς
449 1521 601 1603 ἡμετέρας
625 1523 639 1585 d
663 1522 775 1600 δῆμοςς
791 1517 891 1586 -ἴτι
916 1523 949 1597 νὴ
973 1522 1036 1586 Δῖα
1062 1521 1173 1609 [Φαῖνν
1197 1523 1251 1609 άν]
1276 1523 1352 1604 άχρι

168 1627 249 1692 τοῦδε
279 1627 381 1706 λύγων
412 1625 669 1707 άκούει-ἔργον
701 1626 732 1692 δὲ
763 1628 845 1692 οὐδὲν
876 1628 940 1710 ύρρῖ.
988 1628 1068 1716 Peg.
1109 1627 1206 1696 1187.
1242 1632 1275 1695 τῖ
1305 1629 1354 1698 οὖν

172 1732 257 1821 [εἴτις
283 1730 376 1814 ἴροιτύ
400 1735 454 1823 με]
484 1734 541 1823 [τῖ]
570 1734 718 1815 πράττειν
743 1734 814 1811 ύμῖν
838 1741 993 1813 παραινεῖς
1019 1734 1097 1823 Paga
1125 1735 1225 1801 2014.
1250 1739 1282 1802 τῖ
1305 1735 1354 1804 οὖν

172 1839 212 1927 [εἴ
241 1862 288 1912 τις
320 1838 413 1920 ἔρωτά
439 1841 494 1925 με]
521 1841 624 1905 natta
647 1831 668 1904 ά
694 1847 845 1921 συγχωρῶ
870 1841 923 1905 καῖ
947 1843 1031 1923 φνμῖ
1056 1839 1162 1907 δίκαια
1187 1838 1263 1908 εἴναι
1287 1845 1354 1911 τού·
1455 1833 1457 1837 ’

168 1970 227 2019 τοις
258 1944 425 2022 άυτιλέξων
455 1943 587 2021 άνέςκνῖ
634 1945 670 2010 si
704 1949 776 2031 quis
811 1947 889 2012 huet
920 1951 1028 2013 omnia
1058 1949 1353 2029 παρεμβεβλκμένα

168 2073 231 2118 esse
253 2072 317 2119 non
340 2056 437 2119 sent't
460 2059 492 2119 et
514 2073 612 2139 quam
630 2055 770 2139 ineptam
792 2053 899 2119 sedem
920 2055 1084 2121 obtineant
1103 2077 1163 2122 non
1184 2056 1353 2145 intelligit,

168 2180 239 2226 aum
261 2159 380 2225 frustra
401 2159 516 2225 multis
537 2160 642 2226 verbis
664 2159 873 2226 admonueris.

212 2355 281 2436 Quo
302 2355 410 2421 minus
432 2356 557 2421 dubites
580 2358 699 2442 inspice
721 2357 802 2420 mihi
824 2355 882 2421 hos
906 2355 984 2421 duos
1006 2355 1091 2423 locos
1112 2358 1168 2423 ubi
1189 2365 1274 2425 reete
1307 2361 1352 2424 sie

168 2465 320 2548 scriptum
344 2467 392 2527 est
414 2482 488 2551 pag.
516 2460 614 2527 1402.
638 2462 713 2543 φέρε
737 2460 816 2540 γάρ,
841 2460 870 2525 εἴ
887 2485 933 2535 τις
955 2463 1036 2540 ὑμεῖς
1060 2461 1150 2542 ἔροιτο
1172 2464 1204 2528 τῖ
1223 2463 1353 2543 μέχιςον

169 2569 260 2634 οἴεσθε
292 2565 368 2633 εἶναι
398 2575 457 2633 τοῖν
487 2565 800 2646 καταλαμβανόντων
826 2575 926 2633 κακῶν
950 2568 1008 2640 τάς
1034 2564 1259 2650 πύλεις-άρ’
1282 2571 1354 2650 ιύχῖ

168 2678 220 2750 τὴν
252 2674 436 2758 διχοςαοῖιιν
467 2675 578 2740 εἴποιτ’
601 2672 656 2753 άν;
682 2680 714 2740 et
737 2697 809 2763 pag.
838 2675 924 2739 1555
963 2674 996 2739 τῖ
1019 2675 1057 2740 ιἰν
1079 2675 1164 2758 ἔχοις
1189 2674 1353 2756 εἴπεῖν,ιῖ

102 2803 105 2807 ’
169 2783 237 2864 πρὸς
271 2780 362 2859 Διύς,
395 2779 424 2846 εἴ
452 2805 497 2854 τις
523 2779 616 2863 ἔροιτό
638 2806 690 2861 σε,
714 2782 782 2854 πούς
809 2781 840 2846 δὲ
865 2780 900 2854 δν
923 2780 1042 2864 τάφους
1066 2789 1125 2847 τῶν
1149 2784 1301 2863 προγόνων
1323 2783 1355 2848 τῖ

167 2888 267 2955 παύύιν
291 2886 522 2967 άνασνιάπτεις;
798 2894 800 2898 ‘

210 3086 291 3173 Pag.
314 3083 413 3152 1167.
434 3082 664 3170 supplendum:
687 3081 936 3166 ὑπισχνουμένων
958 3084 1041 3169 (μὲν)
1060 3083 1112 3150 άεῖ
1131 3109 1200 3150 τινα
1216 3082 1354 3169 πρόνοιαν

168 3195 260 3259 αὐτοῦ
285 3191 461 3268 ποιήσεσθαι
469 3238 478 3270 ,
502 3190 596 3268 μηδὲν
616 3198 677 3254 ΔΕ
700 3191 927 3271 προνοουμένων.

210 3372 293 3460 Pag.
328 3369 426 3438 1167.
458 3370 510 3435 καῖ
544 3372 575 3436 ἐν
609 3373 682 3449 ἡμῖν
709 3373 814 3444 αὐτοῖς
839 3373 898 3438 εἴσῖ
920 3395 997 3445 τινες
1022 3367 1062 3446 οἴς
1087 3373 1122 3439 τύ
1147 3374 1246 3453 δύσερι
1266 3378 1355 3441 τοῦτο

168 3478 220 3544 καῖ
251 3477 405 3560 φιλύνικον
437 3478 546 3543 ἐνοικεῖ
571 3477 636 3565 [καῖ
666 3482 761 3562 κοινῆ]
783 3480 837 3544 ούκ
860 3479 993 3557 άξιοῦσιν
1020 3482 1173 3554 ύττάσύαι
1195 3487 1249 3547 τοῦ
1273 3483 1355 3547 άντι·

168 3584 269 3649 πάλου
302 3582 378 3649 άλλ’
412 3584 584 3655 ἐκπαντὸς
609 3584 656 3648 άεῖ
682 3584 804 3666 ζητοῦσι
829 3595 973 3664 περιεῖναι
997 3586 1118 3666 τρύπου.
1164 3587 1228 3654 Pro
1251 3589 1359 3654 ἐνοικεῖ

169 3673 220 3756 καὶ
244 3696 324 3765 κοινοῖ
348 3690 485 3757 Urbinas
508 3690 596 3756 dedit
619 3691 730 3755 ε’νοικῖα
751 3699 832 3766 κοινῆ
853 3693 983 3777 perinde
1002 3695 1118 3778 inepte.
1165 3693 1355 3759 Rectissime

168 3820 200 3865 se
220 3799 351 3864 haberet
372 3797 461 3863 loeus
482 3800 527 3863 sie
547 3799 700 3883 scriptus:
722 3799 829 3863 ἐνοικεῖ
845 3799 899 3862 ούκ
918 3797 1060 3874 άξιοΤΝ
1084 3800 1234 3873 ύττοῖσύαι
1249 3837 1291 3848 -
1306 3799 1355 3864 άεῖ

169 3904 316 3986 ζντΟΤΝ
341 3911 497 3984 περιεῖναι.

212 4083 293 4173 Peg.
321 4082 418 4152 1170.
452 4083 594 4162 βονύεῖας
620 4084 782 4159 δεήσεσθαί
804 4109 881 4159 τινος
903 4087 973 4158 ἴσως
997 4086 1075 4167 Ἀφ’
1100 4083 1131 4161 ἧς
1157 4087 1199 4158 εἴς
1221 4085 1272 4150 τὸν
1296 4101 1358 4152 λοι·

168 4195 224 4259 ’τὸν
246 4192 351 4272 χρόνον
376 4192 526 4273 άσΦαλύς
550 4191 732 4257 διατελέσει.
781 4191 863 4272 Quia
885 4195 1041 4257 sententia
1063 4206 1110 4257 est
1128 4193 1271 4270 βοηθείας
1292 4191 1356 4268 ύτις

170 4301 219 4366 τὸν
251 4299 344 4376 δῆμον
369 4300 399 4361 ἐν
423 4299 571 4382 άτφαλεῖ
591 4294 668 4362 εἴναι
691 4298 825 4379 ποιήσει,
851 4306 980 4385 apparet
1003 4299 1079 4381 Ὑφ’
1103 4294 1137 4373 ἦς
1161 4316 1180 4364 a
1205 4300 1357 4390 Dionysio

170 4427 236 4474 esse
258 4408 426 4491 seriptum.
