3076 5004
731 267 797 338 231

171 467 320 543 Τρυῖκῶν.
367 464 495 540 Annus,
521 482 582 547 quo
605 459 699 527 'l'roia
721 467 814 544 capta
837 479 904 524 esse
928 457 1052 523 dicatur
1074 477 1113 522 er
1139 456 1358 522 Eratosthenis

169 570 346 636 rationibus
363 568 603 656 Obrouologicis
623 574 655 634 et
673 566 801 634 aliunde
819 567 897 630 satis
915 570 1011 633 notus
1029 570 1077 630 est
1096 568 1129 628 et
1148 584 1187 629 ex
1210 563 1357 651 Dionysii

170 677 354 742 testimonio
376 695 450 763 pag.
477 672 552 739 187.
578 674 686 739 Κοίτιον
709 673 741 739 δὲ
765 670 889 753 Πόρκιος
903 708 945 721 -
959 673 1029 752 (τίον
1050 669 1161 758 κτίσιν)
1186 670 1355 752 οίτοφαίνει

171 782 259 847 δυοί
292 781 358 845 καί
384 779 606 860 τριοίκοντα
629 782 696 845 καί
720 780 1007 858 τετρακοσίοις
1031 773 1167 841 ἔτεσιν
1191 777 1355 857 ὑςεροῶοαν

171 895 229 954 τῶν
260 891 416 952 Ἰλιακῶν·
451 887 465 950 ί
494 887 525 952 δὲ
548 887 654 966 χρόνος
680 882 766 956 οὗτος
790 883 1010 964 ἀναμετρηθεὶς
1032 891 1103 956 ταῖς
1128 883 1357 963 Ἐρατοσθένους

171 993 412 1075 χρονογραφίαις
444 994 529 1058 κατα
559 994 593 1058 τὸ
625 998 740 1074 πρῶτον
772 989 837 1064 ἔτος
865 990 973 1056 τίττει
998 998 1053 1066 τῆς
1077 988 1213 1068 ἕβδίμκς
1237 993 1357 1066 Ὀλυμ-

173 1098 293 1172 τιοίδος.

216 1206 341 1290 Nempe
364 1203 459 1270 Troia
482 1211 574 1290 capta
602 1249 1063 1271 .........
1109 1223 1192 1269 anno
1216 1200 1315 1267 1133.

217 1311 321 1376 Roma
345 1312 684 1395 conditapostannos
708 1310 786 1376 432.
810 1311 948 1376 idest.
997 1356 1005 1374 .
1052 1356 1060 1375 .
1108 1329 1189 1375 anno
1236 1305 1311 1375 751.

218 1417 304 1504 Ergo
328 1419 418 1482 aunis
440 1415 483 1480 25
506 1421 579 1501 post
602 1415 828 1504 Olympiadem
850 1420 1003 1503 primam.
1054 1460 1061 1480 .
1109 1436 1191 1481 anno
1238 1412 1313 1480 776.

218 1523 329 1608 Itaque
352 1521 553 1608 Olympiadis
576 1525 731 1608 septimae
767 1569 1060 1588 ......
1107 1522 1313 1605 annoprimo.

218 1630 269 1695 Ad
299 1630 454 1694 amussim
484 1628 561 1693 haee
591 1631 783 1696 conveniunt
812 1649 885 1693 cum
918 1627 1136 1693 Eratosthenis
1165 1627 1359 1703 rationibus,

174 1737 230 1821 qui
251 1737 342 1801 anuis
365 1733 442 1800 437.
466 1739 539 1800 aute
560 1737 700 1819 primam
724 1731 950 1821 Olympiadem
973 1736 1028 1810 rio
1052 1733 1143 1798 Ἰλίου
1166 1730 1281 1799 ίίλοοοιν
1305 1752 1361 1818 po-

173 1842 269 1908 nebat
294 1838 375 1927 (776
394 1855 420 1928 ς
442 1839 691 1921 40731183).

218 2052 291 2118 Non
320 2057 447 2116 tautum
480 2074 535 2136 ραο
559 2073 654 2129 cano,
680 2050 735 2116 sed
759 2073 814 2136 ςκο
837 2052 886 2116 dic
908 2049 1003 2117 Troia
1025 2055 1117 2136 capta
1139 2061 1220 2116 esset
1242 2049 1360 2116 eruditi

175 2159 345 2243 antiquarii
374 2162 407 2222 et
438 2156 622 2244 chronologi
649 2159 729 2222 scire
748 2157 811 2223 sibi
830 2157 1029 2223 videbantur.
1064 2156 1151 2222 Audi
1169 2156 1362 2242 Dionysium

175 2285 248 2351 pag.
283 2261 357 2329 158.
385 2266 480 2334 Ἴλιος
505 2263 561 2338 μὲν
585 2262 648 2342 γαρ
673 2259 734 2337 ίίλυ
759 2268 961 2335 τελευτῶντος
986 2262 1041 2339 ἤδη
1065 2266 1120 2327 τοῦ
1143 2261 1239 2343 ίέρους
1264 2262 1362 2326 ἑπτα-

178 2369 309 2433 καίδεκα
333 2368 472 2449 πρότερον
496 2369 623 2447 ἡμέραις
645 2376 701 2444 τοῖς
721 2371 832 2449 ίερινῆς
851 2375 963 2449 τριττῆς
983 2367 1074 2450 deity
1093 2367 1248 2449 Φίίνοντος
1269 2368 1362 2445 μανὸς

177 2477 408 2555 Θαργηλιῶνος,
433 2479 471 2548 ῶς
496 2476 648 2551 Ἀίιςναῑοι
671 2475 740 2547 τοὺς
764 2475 888 2557 χρόνους
911 2472 1038 2553 ῶγοντι,
1064 2475 1205 2554 περιτταὶ
1230 2475 1261 2539 δὲ
1285 2471 1362 2549 ἦσαν

176 2582 207 2645 αἱ
232 2583 283 2644 τὸν
306 2581 441 2646 εὐιαυτδν
466 2583 670 2661 ἕκτλκροῶοαι
694 2581 779 2658 μετα
803 2583 858 2655 τὴν
880 2582 992 2661 τροτίρν
1017 2580 1126 2646 είκοοιν
1151 2579 1280 2661 ἡμέραι,
1305 2581 1362 2646 nbi
1471 2636 1474 2642 .

174 2686 249 2752 vide
272 2708 352 2771 quae
375 2690 557 2753 notavimus
606 2688 715 2753 Habet
737 2709 773 2753 ea
796 2707 845 2752 res
867 2708 1063 2772 quamquam
1086 2687 1255 2754 manifesto
1278 2707 1363 2752 com-

174 2795 326 2857 menticia
348 2793 467 2859 multos
490 2799 522 2859 et
546 2796 693 2879 antiquos
716 2800 823 2860 testes.
868 2793 1062 2860 Plutarchus
1084 2797 1119 2859 in
1145 2794 1269 2858 θοιιιῶίο
1293 2812 1360 2878 cap.

178 2897 230 2962 19.
266 2899 388 2979 ἐνήνοχε
424 2900 456 2964 δὲ
491 2899 543 2963 καὶ
576 2902 590 2966 o‘
624 2901 807 2979 Θαργηλιὼν
835 2901 896 2978 rado
925 2909 988 2970 τοῖς
1019 2899 1188 2982 βαρβοίροις
1213 2900 1361 2975 ἐπιδήλως

176 3006 328 3084 ἀτυχίας.
355 3004 406 3069 καὶ
430 3005 494 3085 γαρ
519 3004 720 3087 Ἀλέξανδρος
745 3006 794 3070 ἐντί
818 3007 951 3087 Γρανικῷ
975 3005 1045 3078 τοὺς
1068 3007 1224 3084 βασιλέως
1248 3031 1362 3086 sporn·

177 3111 251 3189 γοὺς
295 3118 509 3189 Θαργηλιῶνος
545 3112 663 3184 ἕνίκνοε
698 3112 750 3177 καί
786 3111 982 3193 Καρχηδόνιοι
1018 3113 1084 3194 τερδ
1123 3113 1269 3178 Σικελίαν
1304 3112 1361 3176 dard

176 3217 379 3294 Τιμολέοντος
412 3219 543 3292 ἡττῶντο
575 3227 614 3300 τῇ
646 3218 763 3302 apotoy
792 3219 968 3300 Φίίνοντος,
1002 3220 1068 3300 ιτερί
1090 3210 1124 3293 dv
1145 3219 1300 3284 δοκεῖκαὶ
1325 3218 1359 3283 τδ

173 3327 268 3388 ’Ίλιον
303 3323 436 3399 οἱλῶναι,
472 3325 510 3395 ῶς
540 3326 672 3404 Ἔφορος
704 3325 755 3389 καί
789 3325 996 3401 Καλλιτίίννς
1030 3326 1082 3390 καί
1114 3327 1272 3403 Δαροοίςκς
1308 3326 1360 3390 καὶ

178 3430 342 3508 Φύλαρχος
377 3430 561 3508 ἱςορίκαοιν.
608 3429 745 3497 Mirifice
777 3434 812 3496 in
846 3432 897 3497 his
930 3453 1006 3498 vera
1037 3436 1069 3497 et
1097 3437 1182 3498 certa
1213 3433 1302 3498 falsis
1329 3440 1361 3499 et

177 3537 329 3602 fabulosis
353 3538 537 3602 miscentur.

221 3747 308 3834 Ergo
339 3745 512 3824 Romulus,
544 3748 599 3832 qui
631 3746 710 3813 olim
740 3750 865 3815 Aeneae
894 3747 981 3816 filius
1012 3755 1068 3816 aut
1098 3771 1137 3816 ex
1166 3748 1233 3817 filia
1263 3775 1359 3844 nepos

177 3855 342 3931 audiebat,
377 3857 505 3938 repente
534 3854 641 3918 >factus
674 3859 721 3918 est
752 3850 881 3932 ἕβδομος
911 3857 963 3921 καί
995 3857 1120 3930 δέκατος
1154 3857 1212 3921 aas
1242 3860 1360 3926 Αίνείου

179 3960 326 4040 γεγονῶς.
379 3957 552 4044 Dionysius
585 3981 660 4047 pag.
698 3959 773 4025 113.
810 3965 842 4026 et
875 3961 979 4027 Roma
1013 3983 1031 4027 a
1064 3962 1203 4028 Romulo
1237 3965 1363 4032 condita

178 4067 363 4152 perhibetur
392 4072 514 4140 γενεαῖς
547 4062 648 4145 ἷίςερον
680 4066 846 4132 ἑκκαίδεκα
877 4068 961 4145 μετὰ
995 4068 1074 4154 (τῶν)
1103 4068 1199 4134 .Ἰλίου
1233 4067 1362 4139 ίίλοιοιν.

178 4173 309 4257 Dionys.
341 4169 363 4234 l.
376 4169 400 4234 l.
433 4171 672 4258 Longissimum
703 4175 806 4262 igitur
833 4173 894 4239 hoc
925 4173 1062 4238 sedecim
1091 4180 1233 4241 aetatum
1265 4179 1362 4244 iuter-

178 4278 302 4345 vallum
333 4281 371 4339 ut
404 4274 583 4360 expleretur
612 4278 717 4368 Reges
747 4280 863 4347 Albani
887 4279 1137 4352 ῶνετλοίοίνοαν,
1184 4281 1255 4348 Ηοο
1277 4287 1363 4353 euim

179 4386 248 4470 ipso
280 4381 376 4450 verbo
406 4385 511 4449 utitur
538 4384 712 4472 Dionysius
743 4406 868 4474 quoque
897 4387 936 4453 de
958 4387 1014 4465 iis,
1041 4385 1097 4469 qui
1118 4386 1242 4455 tabulas
1264 4389 1364 4480 linga-
