3076 5004
733 260 798 338 154

167 452 225 535 μὲν
248 461 302 522 τοῦ
333 458 523 539 Κορινθιακοῦ
556 458 671 525 κόλπου
695 460 747 525 καὶ
772 465 829 525 τών
853 457 970 524 πόλεών
1005 451 1040 524 αἳ
1063 458 1112 525 ἐπὶ
1139 463 1245 526 τοῦτον
1269 448 1364 534 καόοί-

170 587 288 649 κουσιν,
313 566 343 628 ἐν
367 567 452 646 καλῷ
478 566 509 630 δὲ
533 571 586 631 τοῦ
611 567 665 641 την
689 567 869 640 Λακωνικὴν
890 563 998 648 χώραν
1022 566 1200 645 βλόπτειν,
1227 566 1256 630 ἐν
1279 579 1364 630 καλ·

170 670 247 750 λίςῳ
271 671 302 735 δὲ
327 680 381 746 τῆς
407 699 441 737 τε
466 672 632 752 ἀντιπέραν
657 672 799 752 Ἠπείρου
824 679 877 737 καί
903 679 956 737 τοῦ
981 674 1023 742 είς
1048 673 1276 747 Πελοπόννησον
1297 673 1364 737 νἰπδ

172 777 319 849 Σικελίας
345 779 522 858 παρόπλου.
548 782 664 865 quibus
688 782 769 845 addo
794 781 902 846 locum
926 801 965 845 ex
988 779 1126 845 lsocrate
1151 780 1218 859 περί
1244 777 1366 844 όντιδό-

171 907 245 954 σεως
269 884 375 968 §lla
400 889 447 958 τίς
480 888 542 965 γόορ
575 889 627 952 οὐκ
660 883 722 951 οἶδε
747 888 901 967 Κόρκυραν
925 888 982 963 μὲν
1007 888 1036 951 ε’ν
1063 885 1287 967 ε’πικαιροτοίτῳ
1308 885 1364 950 καί

171 989 309 1059 κώλλιςα
342 991 481 1069 κειμένην
513 998 570 1056 τών
604 993 634 1055 ἐν
666 993 765 1076 Ἰονίῳ
774 1040 783 1069 ,
816 998 914 1066 Σηςδν
939 993 970 1056 δὲ
996 992 1048 1056 καὶ
1074 994 1223 1072 Κριθώτην
1248 999 1308 1057 τῶν
1334 993 1365 1056 ἐν

171 1096 409 1178 Ἑλλησπόντῳ,
442 1098 612 1162 Ποτίδαιαν
645 1098 676 1163 δὲ
701 1100 753 1162 καὶ
780 1102 916 1177 Τορώνην
940 1105 998 1163 τῶν
1024 1099 1074 1164 ἐπὶ
1102 1101 1241 1184 Θρηίκης
1269 1097 1367 1165 Gom-

171 1224 326 1288 ponamus
349 1225 423 1268 cum
446 1204 498 1268 his
521 1203 607 1269 locos
627 1203 793 1290 Dionysii,
815 1208 849 1268 in
870 1206 986 1289 quibus
1005 1206 1082 1270 haec
1100 1209 1268 1271 imitatur:
1288 1227 1366 1292 pag.

174 1306 239 1373 794
269 1310 415 1390 Κίρκαιαν
444 1309 474 1373 δὲ
499 1310 695 1395 (Tarquinius
718 1312 865 1389 condidit)
890 1307 936 1375 ότι
962 1317 1014 1376 τοῦ
1042 1314 1231 1388 Πωμεντίνου
1257 1312 1365 1376 πεδίου

174 1453 215 1462 -
229 1416 281 1480 καὶ
306 1425 360 1491 τῆς
381 1411 594 1488 συναπτούσης
617 1416 700 1494 αὐτῷ
723 1418 883 1488 όαλόπτης
904 1416 1000 1482 ἔκειτο
1021 1419 1050 1480 ἕν
1066 1420 1160 1498 καλῷ.
1183 1441 1247 1506 pag
1274 1416 1365 1482 1044

172 1522 233 1600 όρος
258 1546 286 1585 τι
310 1525 414 1595 καλῶς
440 1523 469 1586 εὐ
493 1524 612 1602 παρόδῳ
638 1522 774 1597 κείμενον
800 1531 870 1596 ταῖς
896 1524 1196 1605 παρακομιζομέναις
1216 1526 1364 1595 Λατίνοις

173 1631 302 1709 ώγοραῖς
327 1628 446 1693 οἵκοόεν.
471 1649 544 1714 pag.
573 1627 670 1692 1754.
697 1625 729 1702 ἦν
755 1629 772 1692 δ

174 1733 236 1800 ἀπὸ
269 1731 386 1811 Ῥώμης
418 1734 469 1798 ἐπὶ
493 1738 528 1798 τὸ
551 1731 737 1814 ςρατόπεδον
764 1737 840 1800 ίοῦσι
865 1737 1024 1809 κώλόσευς
1050 1737 1080 1801 ἒν
1105 1739 1190 1818 καλῷ
1214 1739 1367 1815 κείμενον.

174 1839 270 1905 Vides
294 1847 416 1914 καλῶς,
450 1843 606 1915 κοίλλιςα,
637 1842 667 1904 ἕν
691 1843 778 1920 καλῷ
803 1847 921 1907 κεῖσόαι
947 1865 1022 1908 oum
1042 1843 1174 1925 penitius
1199 1843 1366 1926 componi,

173 1953 211 2011 ut
235 1949 319 2032 apud
341 1947 531 2032 Eupolidem
563 1947 601 2011 de
626 1949 690 2011 situ
714 1948 913 2016 Athenarum
940 1950 1025 2034 apud
1056 1948 1191 2014 Dionem
1224 1947 1368 2034 Ohryso·

176 2058 319 2119 stomum
345 2052 459 2118 LXIV.
483 2074 557 2140 pag.
584 2050 661 2117 334.

377 2160 429 2223 καὶ
454 2160 596 2238 τούρανοῦ
620 2163 653 2238 γ’
678 2156 715 2232 ώς
740 2166 858 2242 φασιν,
887 2157 947 2228 ἔςιν
973 2162 1002 2224 ἐν
1026 2160 1124 2241 καλῷ,

174 2270 207 2330 et
237 2285 329 2351 saepe
360 2266 444 2350 apud
477 2265 573 2349 alios,
607 2271 644 2330 ut
673 2267 814 2332 Lobeoh.
841 2267 863 2332 1.
888 2267 911 2332 l.
936 2267 1054 2333 docuit.
1089 2267 1199 2349 Itaque
1224 2264 1368 2333 κόλλιςα

173 2374 290 2436 κεῖσθαι
326 2372 447 2436 συνόδου
479 2393 592 2438 verum
617 2378 682 2457 est,
707 2395 770 2439 non
797 2375 826 2437 ἐν
848 2374 977 2453 συνόδῳ,
1004 2374 1088 2459 quod
1109 2373 1280 2438 substituit
1299 2392 1369 2436 cor-

172 2484 275 2544 rector
298 2481 445 2564 antiquae
469 2476 660 2544 Graecitatis
684 2482 826 2567 ignarus.
867 2479 931 2546 Sed
955 2481 1065 2545 eadem
1087 2481 1225 2564 suspicio
1246 2480 1369 2563 premit

173 2583 274 2649 alium
297 2585 405 2650 locum
427 2586 484 2649 ubi
508 2592 610 2656 καλῶς
637 2586 666 2648 ἕν
692 2586 811 2666 παρόδῳ
838 2589 974 2663 κείμενον
997 2586 1137 2674 legitur,
1169 2585 1253 2669 quod
1274 2604 1368 2649 oom·

173 2698 321 2776 paratum
356 2713 430 2756 cum
464 2691 533 2756 loco
564 2690 773 2778 Thucydideo
806 2699 909 2764 καλῶς
941 2692 1110 2771 παρόπλου
1142 2698 1244 2756 κεῖται
1275 2688 1368 2754 facili

172 2800 301 2884 negotio
325 2798 520 2863 emendatur.
557 2795 619 2862 Sed
643 2799 774 2882 (dixerit
800 2798 928 2883 aliquis)
953 2799 1084 2883 perinde
1111 2803 1158 2862 est
1183 2802 1285 2867 καλῶς
1305 2821 1368 2860 πα-

172 2903 291 2984 ρώπλου
315 2910 347 2969 et
370 2911 473 2974 καλῶς
498 2904 527 2967 ἐν
550 2903 705 2983 παρόπλῳ
731 2905 870 2982 κεῑσόαι,
904 2927 1042 2990 namque
1067 2907 1135 2990 ipse
1158 2903 1368 2990 Thucydides

174 3030 274 3094 quum
298 3010 429 3075 dixisset
451 3010 476 3074 I.
503 3008 555 3074 36.
581 3016 683 3082 καλῶς
710 3012 877 3088 παρόπλου
903 3019 1024 3095 κεῖται,
1049 3015 1240 3095 postpauca
1260 3007 1285 3072 Ι.
1310 3007 1366 3073 44.

173 3116 212 3181 de
233 3117 342 3183 eadem
362 3139 396 3183 re
416 3119 558 3202 scripsit:
584 3113 654 3193 ώμα
674 3116 704 3180 δὲ
725 3124 780 3190 της
802 3143 837 3182 τε
858 3118 999 3188 Ἰταλίας
1020 3118 1072 3182 καί
1096 3116 1242 3185 Σικελίας
1261 3121 1366 3185 καλῶς

174 3223 326 3304 ἐφαίνετο·
350 3225 454 3295 αὐτοῖς
480 3226 496 3298 η
520 3232 607 3296 νῆσος
631 3224 669 3286 ἒν
695 3247 749 3286 πα
758 3223 898 3303 ρόπλῳ
923 3224 1050 3288 κεῖσόαι.
1100 3220 1135 3286 Si
1159 3223 1231 3306 quis
1255 3227 1367 3286 autem

172 3334 346 3414 utrumque
376 3329 575 3417 Thucydidis
596 3329 704 3394 locum
729 3331 905 3418 diligenter
928 3330 1173 3396 consideraverit
1197 3333 1228 3391 et
1252 3348 1368 3412 expen-

174 3435 257 3500 derit
279 3440 472 3521 senseritque
496 3437 526 3499 ἕν
550 3435 708 3515 παρόπλῳ
729 3440 837 3502 minus
857 3443 941 3502 recte
962 3438 1025 3501 dici
1043 3441 1074 3500 et
1095 3433 1239 3511 ἐφαίνετο
1259 3434 1365 3504 αὐτοῖς

174 3542 213 3608 de
242 3565 277 3608 re
307 3550 391 3609 certa
421 3549 453 3608 et
485 3543 626 3608 evidenti
658 3541 721 3606 dici
753 3564 816 3608 non
842 3546 1001 3628 potuisse,
1025 3543 1157 3605 fortasse
1179 3538 1231 3603 1111
1253 3538 1367 3603 eadem

175 3652 380 3715 subnascetur
403 3651 539 3733 suspicio
564 3668 643 3732 quae
664 3646 742 3713 olim
762 3649 862 3727 mihi,
888 3645 1079 3725 verberiae
1102 3647 1135 3710 δὲ
1154 3683 1195 3699 --
1209 3645 1238 3708 ἐν
1264 3646 1365 3725 παροί·

175 3772 243 3837 πλῳ
274 3759 393 3821 κεῖσίαι
425 3775 488 3820 non
509 3775 576 3819 esse
599 3775 617 3819 a
640 3752 828 3840 Thucydide
852 3757 969 3840 scripta
992 3754 1047 3818 sed
1071 3774 1089 3817 a
1112 3753 1217 3816 nescio
1240 3771 1304 3835 quo
1326 3772 1366 3816 ex

175 3885 242 3949 cap.
269 3861 324 3929 36.
350 3862 435 3926 male
458 3864 601 3945 repetita.
639 3860 779 3926 Putabat
799 3861 873 3938 ille,
895 3862 1037 3945 quisquis
1059 3864 1122 3935 cst,
1141 3858 1223 3922 hanc
1241 3877 1367 3942 quoque

177 3990 304 4035 causam
340 3969 582 4034 commemorari
617 3969 803 4053 oportuisse.
850 3966 985 4032 Addidit
1018 3968 1121 4052 igitur
1153 3963 1190 4028 dc
1221 3983 1279 4028 suo
1311 3962 1367 4028 sed

176 4077 330 4140 sermonis
353 4077 443 4141 vitiis
466 4075 552 4139 fraus
575 4077 730 4161 arguitur.

223 4301 303 4391 Pag.
332 4298 429 4364 1513.
461 4299 528 4382 πρὶν
561 4296 661 4370 όποίός
689 4321 736 4372 τις
760 4297 824 4376 εἰμί
850 4297 863 4362 ό
888 4301 942 4373 την
965 4296 1091 4376 γνώμην
1115 4292 1363 4374 ιίποδειξΑμενος
