3076 5004
684 279 751 350 223

120 471 240 561 Pyrrhi
269 493 360 538 aures
390 473 585 558 perveniret,
615 475 671 557 qui
701 475 740 539 ab
764 473 850 540 hisce
873 476 1057 562 praestigiis
1081 474 1141 539 sibi
1167 476 1252 540 cavit
1275 475 1312 539 ut

121 581 272 645 vidimus.
319 579 530 664 Frequentem
560 578 642 644 hanc
673 579 771 645 fuisse
794 579 985 666 populorum
1008 579 1194 645 Italicorum
1217 582 1312 645 devo·

13 725 15 728 ⁴
122 688 218 752 tionis
250 685 530 761 consuetudinem,
563 688 618 770 qui
649 685 726 751 olim
759 707 850 771 pares
878 709 951 752 cum
974 689 1104 773 paribus
1127 691 1159 751 et
1181 706 1314 752 numero

122 798 154 858 et
184 794 306 858 virtute
336 794 419 856 inter
451 812 483 856 se
516 791 746 879 confligebant,
778 791 963 881 coiligimus
997 816 1035 859 ex
1070 795 1190 880 insigni
1225 792 1312 872 loco,

123 919 218 983 quem
248 896 362 962 Livius
392 895 478 961 VIII.
510 895 563 961 10.
588 918 627 961 ex
653 898 873 963 Commentariis
895 900 1073 984 Pontificum
1096 899 1188 964 nobis
1211 919 1315 965 serva·

123 1006 189 1071 vit:
222 1003 304 1066 111111
332 1003 533 1066 adiiciendum
563 1004 682 1067 videtur
715 1005 836 1068 Comeli
870 1006 1080 1090 Dictator-ique
1114 1012 1143 1069 et
1175 1004 1316 1069 Praetori

124 1135 188 1174 cccc
219 1110 347 1191 cepione
378 1110 504 1173 tectiore
534 1111 672 1174 devoveat
704 1133 763 1174 con
795 1111 898 1196 utique
928 1135 976 1189 se,
1008 1113 1062 1175 ced
1079 1134 1163 1196 qoem
1185 1112 1258 1175 66111
1280 1134 1316 1176 ec

125 1217 238 1298 legione
260 1216 397 1279 Romans
417 1215 530 1297 scripta
552 1216 641 1280 ricem
665 1218 804 1281 devovere
811 1247 825 1295 ,·
848 1219 876 1280 ci
898 1219 925 1281 11
947 1219 1029 1281 tomo
1051 1217 1104 1302 pei
1127 1219 1247 1282 cesores
1271 1226 1314 1285 eet

125 1323 251 1387 moriter
277 1323 367 1405 probe
389 1323 513 1401 foetum
537 1323 650 1388 uideri:
673 1324 707 1387 ni
729 1326 855 1389 moriter
879 1332 939 1389 tum
963 1326 1077 1405 1196111
1100 1329 1206 1407 septem
1227 1326 1317 1407 pedes

125 1430 220 1493 altum
253 1435 307 1492 cet
332 1428 484 1492 redimire
506 1435 617 1492 terrem
641 1429 748 1512 defodi
771 1438 800 1495 et
816 1433 971 1514 piaculum
996 1431 1093 1494 tostis
1115 1430 1209 1494 credi.
1261 1430 1316 1494 Ubi

126 1536 207 1599 iesse
227 1535 343 1615 6196616
366 1535 515 1618 defecerim
534 1535 606 1619 erit,
628 1558 660 1599 co
680 1537 888 1622 magistratum
910 1537 1074 1601 Romanum
1095 1538 1246 1600 escendere
1255 1537 1317 1621 fec

126 1663 184 1705 coc
208 1663 269 1704 esse
317 1640 370 1703 Sin
392 1648 488 1705 cutem
510 1663 573 1705 cese
594 1643 734 1706 devovere
756 1644 833 1707 colet
851 1644 960 1727 (sicuti
980 1642 1098 1707 Decius
1121 1642 1262 1726 devovit)
1284 1643 1318 1706 ci

126 1747 252 1811 mortim
274 1769 367 1830 oeque
388 1769 472 1810 ceum
496 1770 588 1832 ceqce
609 1748 759 1830 poblicum
782 1749 917 1811 dicisum
930 1771 1011 1832 pere
1020 1747 1125 1832 faciet
1141 1753 1203 1811 6166
1220 1748 1319 1812 testie

126 1853 189 1917 eice
216 1875 271 1937 quo
301 1853 363 1916 1116
390 1851 527 1935 661611).
579 1853 640 1930 osi
662 1875 724 1917 cese
747 1855 896 1918 devoverit
926 1853 1056 1918 Volcano
1079 1876 1162 1917 cresc
1184 1855 1246 1917 sice
1269 1855 1319 1918 cci

128 1959 186 2023 clii
209 1959 289 2022 Dico
312 1981 413 2022 cocere
436 1960 512 2023 colet
535 1964 656 2023 116661.
708 1961 779 2024 Telo
801 1982 890 2042 cuper
911 1962 1093 2044 1166161616
1118 1961 1319 2044 066161166-

129 2072 213 2129 ectcc
243 2072 285 2129 est
314 2065 421 2128 testem
445 2065 542 2147 potiri
560 2066 623 2150 fos
645 2087 705 2129 con
727 2073 787 2129 eet:
809 2067 838 2129 61
855 2067 991 2148 potietur
1015 2066 1115 2130 Morti
1135 2067 1319 2130 areoeetccre'·

129 2172 208 2235 titos
233 2170 388 2254 piaculum
412 2170 498 2254 fieri.
545 2168 645 2235 Nulla
676 2173 724 2234 est
755 2170 915 2236 dubitatio
950 2175 1026 2256 quin
1061 2173 1139 2237 baec
1174 2172 1253 2237 olim
1285 2175 1321 2237 in

129 2276 348 2342 Romanorum
372 2274 501 2359 proeliis
520 2274 629 2362 crebro
649 2275 819 2339 habuerint
838 2275 963 2348 locum.
984 2277 1037 2342 sed
1058 2280 1320 2363 quamprimum

130 2383 263 2448 Acoetec
292 2380 388 2446 scribi
419 2381 523 2464 ccepti
553 2385 629 2444 sunt
658 2380 799 2446 obsoleta
830 2387 897 2447 erat
918 2381 1142 2467 plerorumque
1165 2385 1322 2448 memoria

130 2493 162 2554 st
193 2484 326 2552 descedes
355 2487 470 2551 amissa
500 2505 576 2552 vcra
606 2486 739 2550 historia
769 2494 827 2552 sut
859 2486 977 2552 fabulis
1007 2487 1121 2573 repleti
1156 2494 1231 2553 sunt
1265 2495 1322 2553 aut

129 2615 237 2660 rerum
271 2591 370 2657 semel
403 2598 567 2679 gestarum
604 2591 712 2656 crebra
746 2596 945 2678 repetitione.
1004 2592 1049 2658 Ut
1083 2613 1146 2658 uno
1176 2593 1322 2678 exemplo

130 2705 217 2778 utar,
244 2698 381 2764 Fidenae
405 2697 433 2762 V
456 2697 603 2762 millibus
626 2718 779 2782 passuum
803 2700 843 2763 ab
866 2699 953 2764 Urbe
977 2699 1106 2765 dissitas
1132 2702 1208 2786 (pag
1245 2698 1322 2765 489.

124 2801 367 2884 ‘carcassense
392 2802 418 2867 δ’
442 2802 532 2868 ὄντων
555 2802 667 2872 radice
691 2811 749 2868 τῶν
770 2802 894 2879 μεταξὺ
915 2805 1040 2879 Φιδήνης
1061 2806 1170 2878 16111
1192 2805 1323 2882 ‘Pdeme

132 2934 205 3000 pag.
243 2909 343 2976 2046.
376 2908 610 2989 τετταράκοντα
633 2910 660 2974 δ’
684 2909 758 2975 eicie
783 2912 808 2974 oi
833 2911 884 2976 1161
907 2911 1003 2988 μέσον
1026 2916 1084 2975 τῶν
1108 2909 1325 2990 1116161110·

132 3039 205 3085 mae
228 3023 261 3084 et
283 3016 489 3094 Fidenarum)
514 3016 637 3097 cribret.)
660 3022 828 3082 narrantur
851 3038 925 3103 pag.
948 3016 1024 3082 348.
1048 3038 1066 3082 6
1086 3016 1238 3082 Romanis
1259 3037 1325 3082 esse

42 3110 46 3115 ⁴
134 3130 244 3209 captae
278 3123 474 3208 principibus
508 3125 611 3188 securi
644 3124 810 3208 percussis.
874 3121 1044 3188 Rebellant
1077 3142 1151 3209 pag.
1188 3120 1265 3189 417.
1278 3143 1324 3207 sq.

136 3228 212 3295 475.
226 3251 271 3315 sq.
303 3227 378 3292 549.
414 3227 489 3292 558.
537 3226 715 3314 Capiuntur
747 3249 767 3293 a
797 3225 926 3292 Sabinis
956 3249 1029 3315 pag.
1066 3225 1125 3291 161
1182 3233 1325 3313 receptae

136 3341 210 3401 sunt
241 3356 259 3400 a
289 3332 442 3398 Romanis
470 3336 502 3397 61
532 3335 689 3418 principes
721 3335 825 3398 securi
851 3335 992 3417 percussi
1014 3354 1089 3419 pag.
1115 3331 1327 3398 56116161-

135 3442 204 3508 lant
233 3462 307 3527 pag.
342 3436 418 3507 768.
450 3443 483 3502 61
513 3436 588 3502 935.
636 3438 849 3524 Recipiuntur
881 3445 913 3504 61
943 3440 1101 3523 principes
1128 3441 1231 3503 securi
1259 3459 1328 3523 per·

136 3550 303 3612 cutiuntur
320 3565 394 3631 pag.
420 3540 496 3608 943.
545 3542 703 3609 Deficiunt
726 3564 797 3632 pag.
824 3543 899 3609 966.
948 3542 1066 3630 Captae
1091 3548 1166 3608 6111
1189 3547 1328 3630 etprin-

136 3656 220 3739 cipes
242 3655 346 3717 securi
368 3652 506 3736 percussi
529 3670 604 3737 pag.
629 3648 703 3715 989.

182 3758 303 3823 Eadem
334 3763 382 3822 est
411 3759 446 3820 in
477 3755 549 3821 aliis
581 3757 682 3840 ratio,
715 3761 752 3820 ut
783 3757 817 3821 in
847 3755 963 3822 Suessa
996 3755 1141 3822 Pometia
1175 3756 1328 3824 vidimus.

138 3863 228 3944 Quod
263 3862 363 3928 semel
396 3861 517 3926 factum
553 3865 634 3926 esset
668 3867 705 3926 ut
741 3865 873 3926 Acoetes
902 3860 1113 3946 implerentur
1144 3867 1177 3927 et
1209 3862 1331 3951 singuli
1363 3863 1365 3866 ’

138 3972 213 4036 6111
242 3967 364 4052 aliquid
393 3988 501 4031 rerum
525 3971 689 4054 gestarum
714 3971 911 4033 continerent
933 3970 1053 4034 iterum
1076 3970 1260 4052 iterumque
1282 3990 1329 4034 re·

139 4078 271 4163 petitur.

185 4181 285 4247 Feriit
309 4200 346 4245 ea
368 4200 417 4245 res
437 4181 536 4244 etiam
555 4179 643 4246 Livii
663 4181 798 4246 minime
819 4181 1015 4266 suspicacem
1035 4183 1180 4247 animum
1201 4180 1254 4246 VI.
1277 4181 1330 4249 12.

175 4418 202 4485 1)
220 4419 282 4469 Utor
299 4417 418 4484 Madvigii
434 4418 605 4471 emendatione.
