3076 5004
699 247 741 317 95

172 433 339 525 Sequitur:
373 432 573 509 ὑποπτεύσας
601 436 671 510 τοὺς
696 435 807 518 ἄνδρες
831 438 991 519 βουλεύειν
1013 439 1129 521 πονιιρόο
1153 450 1193 526 τῇ
1216 464 1315 522 μετοι-

118 544 278 615 Νλςοθσει
303 549 362 608 τῶν
385 539 538 608 διακόνων.
574 541 694 608 Verum
718 550 767 611 est
785 556 824 628 τῇ
845 546 1037 624 μετλςοθσει.
1074 546 1109 612 Si
1128 551 1199 633 quis
1218 571 1315 635 quem

54 730 59 739 ,
123 675 168 719 ex
197 653 302 728 curis,
334 671 351 715 e
374 647 523 726 concilio,
548 669 565 714 e
588 649 728 717 triclinio
751 653 842 717 iubet
864 653 1013 719 excedere
1035 658 1073 718 ut
1094 655 1214 719 remotis
1235 656 1316 720 arbi·

121 758 184 824 cris
206 777 255 822 res
274 760 389 844 egetur
410 757 650 832 persensissem
670 759 827 822 usitatum
847 763 895 824 est
915 763 948 824 et
966 769 1141 837 μετοιςῆνοοι
1163 761 1313 841 κελεύειν,

120 884 191 930 non
223 868 462 940 μετονοςῆσοιι,
495 861 579 947 quod
611 861 770 950 significat
800 865 862 928 alic
892 865 1019 946 πιὶρνοσο
1042 865 1183 951 aliquem
1205 890 1314 949 οορσιε.

121 969 309 1036 Herodotus
332 966 356 1031 Ι.
383 964 435 1031 89.
464 966 587 1054 (epm)
613 967 872 1045 permundatum
892 971 962 1044 τοὺς
981 968 1097 1044 ἄλλους
1116 972 1211 1052 εἴρετο
1230 982 1315 1054 Κροῖ·

123 1099 187 1141 σου.
219 1071 307 1139 VIII.
337 1072 413 1138 101.
438 1075 477 1145 ὥς
502 1073 533 1139 δὲ
557 1073 687 1139 οὶπίκετο
712 1077 729 1149 ἧ
756 1073 935 1155 Ἀρτεμισίη
960 1077 1221 1157 μεποοςιισοόμενος
1244 1081 1315 1152 τοὺς

126 1179 244 1254 ἄλλους
257 1177 401 1254 -ἔλεξε
427 1179 535 1256 enen
561 1179 647 1244 τόδε.
695 1179 816 1245 Eodem
839 1182 933 1248 modo
956 1181 1131 1268 loquuntur
1154 1183 1315 1272 Thucydi-

124 1288 182 1354 des
214 1286 253 1373 (I.
286 1283 339 1354 79.
371 1284 407 1351 V.
444 1284 551 1369 lli),
582 1285 760 1370 Xenophon
794 1288 901 1372 (Anah.
930 1287 971 1352 ΙΙ.
998 1287 1028 1352 3.
1053 1286 1086 1353 8.
1111 1290 1233 1356 Hellen.
1259 1289 1312 1356 IV.

126 1393 160 1459 1.
185 1391 250 1478 5.),
275 1396 307 1457 et
327 1409 448 1458 omncs.
482 1389 603 1456 Vitiose
626 1390 793 1479 legebatur
816 1393 900 1478 apud
923 1393 1113 1459 Aeschinem
1130 1395 1164 1458 οἰι
1187 1394 1314 1478 occepi.

123 1520 202 1586 pag.
237 1496 290 1567 72.
322 1495 354 1561 2.
386 1494 455 1568 τοὺς
489 1494 519 1560 δὲ
544 1496 666 1574 ε’νοιγεῑς
689 1497 944 1574 μετεςιθσοινΤΟ,
968 1507 1084 1565 ΤΟΤΟ
1108 1500 1139 1565 δὲ
1162 1499 1201 1567 δι’
1228 1501 1314 1567 εθσθ·

125 1606 217 1684 βειοιν
239 1603 417 1682 Φεύγοντος
438 1604 632 1680 κατήγαγον.
671 1599 873 1668 Correximus
893 1606 927 1668 in
953 1604 1023 1669 Vcr.
1043 1605 1136 1670 Lecti.
1149 1627 1223 1694 pag.
1237 1606 1315 1672 496.

170 1709 326 1795 Exempla
346 1710 529 1785 sequiorem
549 1707 661 1772 attulit
679 1707 855 1774 Dorvillins
875 1709 915 1775 ed
930 1707 1135 1777 Obaritonem
1147 1733 1220 1801 pag.
1237 1712 1313 1778 482.

170 1816 257 1904 Ergo
286 1816 318 1880 h.
332 1815 353 1880 1.
386 1824 425 1896 τῇ
450 1815 664 1882 ΜΕΤΑςοὶσει
689 1813 863 1901 legendum
887 1822 951 1888 est.
976 1818 1060 1902 quod
1084 1819 1187 1884 estin
1211 1818 1314 1886 Ohisi·

126 1942 187 1990 eno
211 1922 326 1989 diserte
349 1923 518 2007 scriptum.

174 2132 252 2221 Peg.
286 2129 363 2200 857.
394 2129 527 2208 ἐξελθεῖν
558 2131 591 2195 ἐκ
621 2136 673 2196 ποῦ
700 2132 870 2210 συμποσίου
893 2133 1098 2206 κελεύσαντες
1122 2134 1192 2206 τοὺς
1215 2132 1316 2200 διοιιιό-

126 2262 194 2312 νους
220 2237 272 2304 xc}
297 2249 380 2304 ΠΡΟ
406 2244 464 2303 τῶν
489 2239 577 2316 θυρῶν
600 2242 653 2302 τοῦ
678 2238 818 2316 ἀνδρῶνος
842 2238 1002 2315 ἀπελθεῖν,
1029 2241 1096 2305 imo
1119 2260 1194 2305 vero
1216 2238 1314 2305 ἈΠΟ

125 2351 186 2410 τῶν
217 2347 306 2425 θυρῶν
336 2369 355 2408 ο
377 2345 504 2430 foribus
535 2345 694 2407 discedere.
741 2342 794 2408 sic
815 2363 879 2408 non
903 2343 1003 2409 semel
1026 2345 1109 2429 apud
1132 2346 1316 2431 Aristopha-

124 2473 202 2518 nem
225 2451 362 2540 legitur:
387 2449 477 2516 ἄπιτ’
500 2451 563 2515 cini
587 2458 643 2524 τῆς
668 2448 769 2529 θθροις.

173 2658 253 2748 Peg.
285 2657 362 2725 858.
392 2659 463 2732 σούς
495 2685 531 2724 τε
557 2658 668 2739 λόγους
694 2661 767 2741 ποιρ’
792 2661 891 2725 αὐτῶν
917 2657 1098 2740 ἠκροοόσοιτο.
1145 2658 1219 2726 Non
1242 2664 1317 2726 sunt

125 2769 295 2832 coniuncta
326 2763 496 2846 ἠκροάσατο
526 2767 600 2846 ποιρ’
629 2768 749 2844 οὐσῶν,
782 2766 836 2831 sed
868 2766 938 2839 τοὺς
964 2766 1036 2846 ποιρ’
1061 2767 1161 2830 αὐτῶν
1183 2764 1316 2844 λόγους,

123 2877 166 2937 ui
190 2872 253 2938 dici
277 2871 367 2937 solet.
402 2871 484 2954 Ergo
507 2871 701 2959 legendum:
723 2869 793 2945 τοθς
813 2896 849 2936 σε
868 2871 980 2951 λόγους
1003 2872 1098 2960 (τοὺς)
1122 2872 1195 2951 ποιρ·
1217 2872 1316 2936 οὐσῶν

125 2977 312 3060 ἦιιροοόσιιπο.

174 3186 254 3275 Peg.
278 3183 356 3251 859.
384 3187 540 3265 πιιρελθὼν
563 3185 631 3252 εἵσω
646 3226 687 3237 -
701 3185 867 3261 οὶκθλυτος.
913 3188 1011 3255 Recte
1035 3190 1173 3256 Urbinas
1197 3186 1316 3255 οὶκωλθ·

126 3315 188 3366 τως
211 3293 295 3356 mollo
311 3293 505 3376 prohibente,
531 3293 614 3378 quod
638 3298 705 3359 ersi
728 3295 956 3381 recipiendum.
1002 3295 1127 3382 Nempe
1152 3279 1171 3372 ἧ
1190 3295 1317 3376 ποθροδος

127 3401 186 3462 ent
222 3399 239 3471 ἧ
275 3397 372 3475 ἔξοδος
408 3399 525 3464 dicitur
555 3400 730 3472 ἀκώλυτος,
765 3401 820 3466 sed
851 3401 907 3486 qui
936 3403 1035 3467 intrat
1065 3406 1121 3468 snt
1156 3402 1318 3490 egreditur

128 3501 270 3584 ποιριθνοιι
294 3503 347 3571 vel
370 3502 479 3580 ἐξιένοιι
503 3505 669 3577 οέιιυλθτιος
693 3507 757 3572 dici
780 3505 869 3572 solet.

174 3712 256 3800 Peg.
279 3711 356 3779 859.
382 3714 434 3794 ἐφ’
457 3708 499 3784 οἷς
522 3713 650 3793 peyne
674 3718 843 3795 φρονοῦσιν.
882 3715 958 3803 Leg.
984 3715 1153 3795 με’γιςΟΝ.
1188 3716 1318 3784 Veteres

127 3838 239 3884 omnes
269 3820 386 3903 ubique
420 3818 508 3897 μθγοι
534 3826 566 3885 et
586 3819 715 3898 μέγιςον
739 3828 857 3902 φρονεῖν
880 3821 1034 3887 dicebant.
1080 3820 1196 3888 Dicam
1220 3823 1259 3889 de
1282 3843 1319 3890 ee

127 3925 330 4004 confusione,
356 3946 436 4009 quae
457 3927 491 3990 in
514 3925 608 3993 libris
630 3927 885 4012 frequentissima
911 3931 973 4004 est,
1001 3927 1123 4012 aliquid
1144 3927 1235 3994 infre.

176 4131 255 4221 Peg.
290 4130 365 4199 860.
400 4133 577 4217 πεΦθκοισιν
609 4131 748 4208 όθποιντες
780 4134 843 4199 οθπθ
873 4141 932 4200 τῶν
955 4134 1034 4201 ἰδίων
1058 4136 1160 4211 ποθῶν
1184 4141 1226 4208 σοὶ
1250 4147 1316 4230 περὶ

126 4245 188 4304 τῶν
222 4237 326 4307 ἄλλων
360 4241 518 4319 λεγόμενοι
552 4241 658 4322 κρόνειν
693 4241 744 4307 cccci
781 4244 815 4307 τό
849 4243 936 4312 πιςθν
968 4241 1078 4312 θπιςον
1110 4249 1162 4338 ἐφ’
1198 4255 1316 4330 ἑοιυτοῖς

126 4353 234 4411 ποιεῖν.
282 4345 383 4413 Scnsu
406 4368 545 4416 vacuum
569 4349 627 4414 hoc
651 4353 708 4414 est.
755 4347 853 4414 Recte
872 4348 1053 4436 Stephanus
1075 4361 1109 4427 τό
1133 4360 1221 4432 πιςόν
1245 4371 1316 4428 ΚΑΙ
