3076 5004
683 305 726 351 XV

108 501 148 566 In
170 502 308 586 perfecto
332 499 424 588 (651)
447 500 551 582 ώνδρόι
575 500 606 568 ἓν
629 503 681 569 ιια)
706 501 885 577 ἐνενήκοντα
908 497 1095 580 βεβιωκότος
1120 496 1186 574 ἔτη.
1211 504 1243 564 et
1265 501 1300 563 in

110 623 249 707 perfeeto
278 624 404 706 passivo
436 621 528 708 (666)
559 623 714 701 βεβόωται
744 624 806 702 aaa
839 622 893 699 ἤδη
923 645 974 699 μοι
1009 621 1062 685 καὶ
1095 619 1166 699 πρός
1190 620 1299 699 otpertus

112 742 260 820 καὶπρὸς
285 741 422 820 εὐδοξίαν
444 743 656 823 ἀποχρώντως.
694 742 755 809 Sed
778 741 882 809 multu
906 744 1030 827 saepius
1054 741 1094 806 ad
1118 738 1300 825 aequalium

112 860 270 936 σωιιώόειαι
300 863 446 949 delapsus
477 865 559 930 dixit
582 867 615 929 in
638 865 746 930 futuro
771 861 888 951 (1574)
912 863 982 929 τόια
1006 862 1073 940 βόσν
1097 860 1244 942 {tisanam
1270 865 1302 926 et

113 992 168 1046 10.
194 980 269 1046 248.
294 984 362 1056 βίον
383 982 526 1064 ζήσομαι.
549 989 581 1051 et
602 988 637 1050 in
660 988 776 1051 aoristo
802 982 894 1071 (716)
920 982 1120 1064 διεζήσαμεν,
1146 987 1178 1047 et
1207 979 1300 1069 (520)

114 1103 227 1182 βιῶσαι
236 1151 245 1181 ,
280 1101 373 1189 (584)
406 1104 575 1183 ἐπιβιώσας
584 1152 592 1183 ,
629 1103 722 1191 (743)
749 1104 964 1182 ἐπιβιώσασα,
990 1113 1043 1167 ΙΘ.
1071 1101 1147 1168 249.
1171 1104 1302 1182 βιώσαν-

115 1249 184 1303 τες,
219 1231 251 1290 st
285 1225 318 1288 in
352 1225 489 1310 perfeeto
526 1223 641 1311 (1009)
678 1224 843 1306 ἐζηκότας,
877 1244 957 1310 quas
990 1223 1092 1289 forma
1126 1223 1304 1308 reponenda

118 1343 234 1430 (1446)
264 1345 321 1409 ubi
352 1350 400 1411 est
430 1344 497 1424 βόσν
527 1344 682 1426 ἐζηλωκώς
713 1346 874 1426 σώφρονα,
906 1347 972 1411 imo
1005 1364 1080 1410 vero
1110 1343 1241 1427 ἐζηκώς,
1267 1347 1305 1408 ut

119 1465 213 1552 (956)
246 1466 388 1548 σώφρονα
419 1465 471 1530 καὶ
504 1467 644 1548 αὖταριιῆ
659 1504 699 1515 -
714 1467 780 1546 βίον
812 1465 877 1547 ζῶν.
925 1466 1034 1532 Etiam
1062 1486 1136 1553 pag.
1163 1463 1249 1530 1616
1273 1470 1306 1529 et

118 1584 209 1653 2300
244 1586 476 1651 restituendum
509 1607 576 1652 essa
610 1586 740 1668 ἐζηκότα
775 1594 807 1652 et
841 1584 959 1666 ἐζηκόσι
995 1606 1051 1672 pro
1081 1584 1241 1668 ἐσχηκότα
1273 1588 1306 1649 at

116 1705 264 1788 ἐσχηκόσι
289 1726 346 1771 suo
368 1705 438 1772 loco
461 1709 696 1773 annotavimus.

162 1827 288 1892 Passim
316 1828 351 1891 iu
381 1826 481 1891 simili
511 1848 544 1892 rs
573 1826 766 1914 Dionysium
799 1827 949 1894 similiter
981 1847 1083 1893 errare
1110 1831 1205 1912 atque
1229 1826 1306 1892 adeo

114 1967 179 2013 non
200 1967 266 2012 assa
285 1947 436 2013 idoneum
457 1949 605 2032 antiquas
623 1953 656 2013 st
680 1969 772 2014 sanas
795 1945 986 2014 Graecitatis
1009 1954 1124 2015 testam
1148 1952 1180 2013 et
1201 1952 1307 2014 aucta

115 2088 187 2133 ram
217 2067 300 2131 mihi
332 2067 462 2152 quidem
495 2088 578 2133 nunu
609 2070 686 2133 satis
710 2067 962 2133 demonstratum
987 2089 1052 2134 essa
1075 2072 1163 2133 ratus
1186 2072 1309 2134 caetera

117 2187 157 2253 de
189 2207 304 2274 geusae
335 2188 395 2252 hoc
426 2187 538 2252 lubens
569 2188 705 2254 aliorum
737 2190 923 2273 praesertim
950 2191 1111 2255 iuniorum
1133 2187 1308 2255 industriae

116 2312 151 2372 st
174 2308 303 2394 ingenio
326 2307 520 2374 observanda
543 2313 575 2373 st
599 2307 792 2374 enucleanda
817 2307 971 2393 relinquo.
1185 2288 1188 2294 ⁵

251 2543 385 2594 Scribebam

186 2625 453 2690 Lugduni-Batavorum

202 2723 235 2758 ιιι,
253 2707 345 2757 Martio
363 2706 435 2759 1877.
