3076 5004
804 298 877 373 'so

306 494 385 582 Pag.
418 489 493 560 738.
524 489 725 572 συναρποίσας
757 490 809 557 τίν
832 489 1131 578 γέροντα-ἔφερε.
1155 494 1316 575 γενόμενος
1341 498 1367 564 δ’
1393 495 1451 576 ἔξω

263 606 316 667 τοῦ
347 598 562 680 βουλευτηρίου
595 597 742 679 μετέωρον
767 596 965 680 ε’ἔαρΠΑΟας
994 601 1260 684 αὐτὸν-ῥιπτεῖ
1280 604 1366 669 κατοδ
1391 611 1452 671 τῶν

263 707 422 789 κρηπίδων.
469 704 568 771 Nulla
597 706 709 771 idonea
739 708 896 772 sententia
927 729 966 775 ox
994 710 1163 794 participio
1188 708 1368 791 ἐξαρτίσαι
1394 733 1452 778 ex·

263 814 356 880 tundi
386 815 501 898 potest.
547 809 722 897 Expunctis
752 812 855 878 tribus
890 812 1028 879 literulis
1063 816 1266 881 scribendum
1299 818 1453 900 μετέωρον

263 917 385 1001 ἐξοίρας.
421 917 577 981 Sublimem
598 939 703 1001 νορινο
726 915 864 1008 Veteres
878 918 1025 986 dicebant
1044 920 1138 1002 αίρειν
1155 922 1321 1003 μετέωρον,
1344 927 1453 1010 saqui-

263 1046 331 1093 ores
354 1027 453 1091 etiam
477 1022 613 1105 ἐξαίρειν.

305 1270 387 1358 Peg.
424 1264 501 1334 739.
536 1266 667 1333 ἐκποδῶν
701 1265 832 1343 ποίησον.
880 1267 975 1353 Apud
1006 1267 1134 1335 Veteres
1163 1272 1254 1338 uerbi
1285 1278 1381 1336 ποιεῖν
1418 1276 1453 1340 et

263 1375 413 1443 ποιεῖσθαι
447 1395 524 1440 usus
547 1375 640 1439 certis
664 1371 781 1438 finibus
804 1374 1061 1462 circumscriptus
1084 1380 1132 1441 est
1154 1396 1256 1463 nequa
1277 1377 1355 1444 haec
1377 1400 1452 1444 um·

261 1503 357 1569 quam
387 1482 471 1546 inter
500 1501 533 1546 se
564 1479 808 1545 confunduntur.
855 1478 959 1545 Nemo
994 1479 1147 1546 Veterum
1178 1483 1260 1547 dixit
1290 1503 1451 1569 umquam

263 1588 392 1654 ἐκποδῶν
417 1592 526 1664 ποιεῖν,
548 1585 603 1650 sed
622 1589 800 1651 constanter
820 1588 977 1651 sorciatur.
1013 1587 1108 1673 Apud
1126 1587 1319 1675 Dionysium
1338 1594 1451 1656 autem

259 1716 323 1761 non
346 1713 416 1759 raro
439 1694 486 1757 ita
505 1696 654 1776 peccatur
671 1696 709 1756 ut
729 1699 823 1757 ποιεῖν
844 1692 1058 1758 substituatur
1078 1713 1136 1779 pro
1157 1695 1325 1773 ποιεῖσθαι,
1347 1695 1452 1760 veluti

259 1822 334 1888 pag.
370 1796 446 1864 762.
479 1795 675 1878 ἐψηφίσαντο
707 1804 839 1863 ποιεῖν
868 1799 923 1874 την
955 1799 1157 1880 συμμαχίαν.
1189 1801 1358 1867 emendant
1382 1824 1450 1867 ποι-

207 1930 210 1936 ·
260 1906 377 1992 εῖσίαι,
401 1903 456 1970 sed
478 1903 696 1990 imprudentes
718 1905 826 1991 ipsum
848 1903 1042 1991 Dionysium
1066 1908 1239 1994 corrigrmt.

304 2149 385 2235 Peg.
418 2142 494 2212 741.
510 2196 513 2201 .
527 2144 694 2222 δεκασμοῖς
710 2164 751 2208 ’τε
777 2144 843 2230 [καί
869 2143 1069 2233 δωροδοκίαις]
1094 2144 1146 2210 καί
1171 2141 1286 2219 οίλλαις
1312 2154 1449 2219 πολλαῖς

261 2240 436 2324 κολακείαις
480 2249 749 2332 ἐκθεραπεύσαντα
791 2249 861 2324 τοὺς
897 2251 1036 2334 οίπίρους.
1095 2251 1253 2317 Putidum
1287 2246 1450 2319 emblema

258 2360 358 2429 rides.
413 2356 504 2439 Quod
538 2358 676 2441 antiquis
709 2361 742 2422 et
777 2359 980 2443 antiquorum
1015 2358 1233 2424 imitatoribus
1268 2359 1450 2446 appellatur

258 2465 397 2548 δεκοίζειν
426 2469 458 2530 et
488 2462 661 2539 δεκασμίς,
691 2463 726 2528 id
757 2466 915 2549 aequiores
947 2462 1096 2531 Graeculi
1127 2463 1294 2546 δωροδοκεῖν
1317 2489 1389 2530 τινα
1413 2470 1449 2531 et

258 2571 416 2655 δωροδοκία
438 2571 594 2639 vocabant
617 2571 742 2655 antiqui
763 2572 917 2636 sermonis
939 2569 1033 2655 plane
1056 2572 1161 2658 ignari
1185 2575 1217 2636 et
1239 2591 1279 2636 ne
1309 2573 1448 2637 sentien-

256 2684 305 2746 tes
335 2678 464 2765 quidem
494 2677 662 2758 δωροδοκεῖν
694 2692 760 2741 esse
791 2677 868 2756 δῶρα
893 2675 1047 2756 δέχεσθαι.
1096 2675 1262 2741 Habemus
1285 2678 1390 2764 igitur
1413 2681 1448 2742 et

164 2807 166 2813 ·
257 2786 405 2872 Dionysii
427 2802 560 2848 manum
584 2782 748 2859 δεκασμοῖς
774 2786 806 2847 et
827 2780 947 2847 indocti
971 2779 1120 2849 Graeculi
1142 2781 1302 2871 glossema
1326 2782 1448 2865 δωροδο·

259 2891 360 2969 κίωις,
385 2889 469 2975 quod
491 2893 528 2953 ut
551 2886 588 2952 fit
607 2889 715 2953 addita
734 2887 847 2971 copula
869 2889 1044 2953 insinuavit
1067 2909 1100 2952 se
1123 2890 1157 2953 in
1180 2892 1318 2954 textum.

303 2996 400 3062 Peius
434 2996 546 3061 etiam·
568 2994 677 3060 eadem
709 2993 748 3058 de
779 3013 873 3059 causa
904 2999 1070 3078 corruptus
1101 2999 1148 3058 est
1177 2994 1326 3082 Dionysii
1355 2993 1447 3062 locus

258 3124 333 3192 pag.
366 3098 442 3168 776.
474 3100 532 3165 ubi
562 3098 597 3164 in
620 3097 711 3164 libris
734 3102 782 3162 est
805 3098 964 3178 χρήμασιν
989 3099 1042 3164 ὑπ’
1067 3100 1161 3175 αὑτοῦ
1192 3100 1447 3180 δωροδοκηθέν-

258 3233 335 3285 τες,
359 3208 413 3274 sed
435 3227 519 3272 nunc
543 3225 666 3290 quoque
690 3201 828 3270 Urbinas
851 3204 937 3270 solus
960 3207 1099 3272 servavit
1122 3205 1270 3293 Dionysii
1291 3226 1446 3273 manum:

259 3317 310 3383 ὑπ’
347 3317 441 3381 αὑποῦ
476 3310 763 3385 δεκασθέντες.
827 3311 1037 3377 Manifestum
1071 3317 1119 3377 est
1151 3312 1248 3380 verbo
1283 3316 1449 3400 antiquato

257 3423 504 3510 superscriptam
526 3418 624 3482 fuisse
647 3418 960 3502 interpretationem,
986 3438 1066 3504 quae
1090 3418 1203 3484 deinde
1226 3419 1276 3484 uti
1300 3417 1336 3484 fit
1359 3423 1448 3488 vete·

256 3551 326 3596 rem
350 3534 381 3595 et
402 3545 513 3596 reram
535 3522 706 3589 lectionem
729 3522 863 3610 expulit.
909 3524 1002 3590 Nunc
1025 3524 1156 3610 quidem
1185 3524 1447 3612 interpolatorem

257 3635 464 3704 manifestum
486 3635 640 3698 tenemus.
1156 3618 1160 3623 ’

304 3876 384 3964 Pag.
417 3870 493 3940 743.
526 3869 630 3938 πολλοὶ
662 3869 719 3951 μὲν
750 3872 801 3940 τὸν
836 3871 1151 3959 ἑαυτῆς-δαίμονα
1186 3850 1447 3972 κατοδυρομίνη,

259 3983 369 4066 μυρίας
401 3980 434 4044 δὲ
465 3976 606 4060 κατοίρας
621 3979 918 4062 -καταρασαμένη
944 3984 1070 4067 κρύπτει
1094 3996 1137 4070 νη
1161 3986 1196 4052 τδ
1222 3993 1322 4068 σῶμα.
1360 3986 1450 4056 Seri·

258 4090 399 4158 bendum
423 4085 659 4168 κατοδυρΑμίνη
683 4088 717 4152 in
741 4089 857 4154 aoristo
879 4097 918 4155 ut
941 4090 1197 4174 καταρασαμένη.

303 4311 383 4401 Pag.
416 4308 491 4378 748.
523 4319 585 4388 τοῖς
617 4313 674 4392 μὲν
705 4314 886 4399 κατηνίροις
910 4317 1022 4401 μικροίν
1045 4342 1117 4384 τινα
1139 4328 1247 4402 μοῖραν
1271 4318 1445 4400 οίτέΘΤεν,

259 4418 352 4492 αὐτὸς
383 4418 414 4486 δὲ
445 4418 488 4487 τοὶ
519 4419 615 4486 πλείω
647 4427 810 4503 κατεῖχεν.
859 4421 950 4505 Quod
984 4429 1032 4492 est
1061 4428 1096 4492 in
1126 4425 1281 4494 Urbinate
1314 4425 1448 4495 οίπέίυεν
