3076 5004
819 250 860 317 66

291 445 369 530 Peg.
397 444 473 512 476.
505 441 830 521 παρασκευαζομένους
855 440 906 503 καὶ
932 438 1073 514 βοηθείας
1097 440 1308 517 Ἐνείρανπας.
1357 438 1435 502 Per-

245 549 418 637 vulgetum
448 553 567 617 vitium
598 549 687 614 vides
717 569 774 633 pro
805 546 1022 624 Ἀγείρανπας.
1070 545 1183 610 Sciunt
1214 549 1269 631 qui
1302 543 1437 612 Codices

246 653 383 722 Graecos
406 661 564 722 triverunt
586 680 631 731 ay
656 660 688 719 et
710 681 749 732 εν
774 653 874 718 oeulis
898 653 1032 716 discerni
1051 673 1114 716 non
1133 673 1231 736 posse.
1270 652 1437 717 Sententia

246 765 399 845 cuiusque
430 762 492 827 loci
523 781 699 845 numquam
731 766 763 824 te
794 759 930 823 dubium
954 758 1118 842 relinquet.
1167 759 1285 824 Verum
1310 759 1437 824 viderat

244 866 388 955 Sylburg
412 873 542 933 acutum
566 870 600 931 in
623 867 742 932 talibus
766 887 890 930 cernere
914 863 1037 929 solitus.
1080 863 1142 928 sed
1166 868 1281 930 occinit
1305 867 1335 930 ei
1357 864 1437 929 Por·

244 981 298 1039 tus
323 977 403 1051 „aed
417 975 498 1037 ccidit
514 975 685 1036 maturatam
704 997 771 1035 mom
792 974 917 1050 ἐγείρειν
938 971 1131 1052 metaphorice
1151 970 1321 1036 solticitare
1341 971 1437 1050 etproi—

235 1080 348 1164 ficot.''
393 1081 616 1145 Falsissimum
639 1081 700 1144 hoc
724 1101 790 1144 esse
813 1081 869 1144 vix
892 1098 969 1162 opus
993 1083 1040 1140 est
1061 1077 1173 1143 dicere.
1213 1077 1362 1155 Ἐγείρενν
1386 1083 1437 1141 est

244 1192 300 1251 aut
330 1188 518 1250 dormientem
549 1187 678 1249 mettere
709 1191 765 1249 aut
797 1186 910 1264 eripere
939 1188 1104 1266 tropaeum
1136 1191 1192 1247 aut
1215 1183 1320 1247 simile
1346 1184 1436 1267 quid.

245 1292 343 1376 Saepe
374 1295 420 1357 sic
449 1297 558 1376 peccat
589 1292 706 1357 Portus
737 1293 793 1376 qui
825 1290 902 1375 quid
934 1291 978 1352 sit
1010 1287 1170 1354 Graecum
1201 1290 1279 1375 quid
1305 1292 1438 1354 nonsit

244 1418 335 1485 saepe
358 1400 500 1464 nesciens
521 1391 713 1463 ¹confidenter
736 1398 923 1483 pronuntiat
945 1396 979 1460 τὸ
1004 1394 1140 1460 ἐπελθόν.

288 1607 369 1694 Pag.
407 1605 482 1673 477.
520 1605 533 1671 ὃ
567 1607 599 1672 δέ
631 1606 754 1671 πάντων
785 1607 842 1684 μέν
875 1608 937 1674 ε’ςον
966 1603 1062 1679 {timor
1091 1606 1273 1689 ἀνθρώπους,
1297 1605 1437 1678 σπανίως

244 1716 433 1794 (rectissime
458 1712 632 1800 Kiessling.
656 1713 807 1796 σπανίως)
830 1713 861 1777 δέ
883 1736 961 1776 raom
980 1714 1013 1775 ἐκ
1033 1716 1086 1775 τοῦ
1109 1711 1308 1790 παρελθόντος
1330 1714 1438 1785 αἰῶνος

245 1817 402 1897 ἐξεγένετο
432 1819 484 1882 καὶ
508 1820 590 1883 τοῦθ’
612 1821 684 1898 ὑμῖν
709 1818 862 1897 ὑπέρξθΙ.
888 1818 1064 1896 πάσχοντες
1091 1817 1146 1882 ὑπὸ
1171 1824 1229 1882 τῶν
1252 1818 1437 1897 συμμάχων

245 1922 278 1990 εὖ
310 1925 382 2004 δρᾶν
412 1926 538 1997 ἐκείνους
564 1925 650 1990 αὐτοὶ
674 1924 810 2000 δόξομεν.
858 1923 1035 1990 Mirificum
1059 1927 1093 1988 in
1116 1925 1250 1989 modum
1273 1921 1305 1988 εὖ
1329 1929 1435 1989 trans·

245 2035 386 2117 positum
420 2037 484 2107 est,
509 2032 563 2095 sed
586 2053 649 2096 non
671 2032 819 2117 Dionysii
841 2033 941 2113 vitio,
965 2033 1020 2114 qui
1044 2030 1188 2094 dederat:
1215 2038 1265 2093 ΕΤ
1289 2028 1435 2111 πάσχον·

249 2161 299 2208 τες
314 2135 402 2203 -εὖ
425 2137 497 2215 epac
519 2135 656 2215 δόξομεν.
689 2137 910 2202 Necessarium
934 2131 968 2199 εὖ
990 2137 1178 2220 praecedens
1204 2146 1242 2200 ΕΙ
1266 2136 1435 2222 absorpsit.

289 2347 361 2434 Peg
391 2345 467 2411 483.
501 2346 796 2424 Φιδηναῖοι-ὑπέρ
826 2345 951 2424 κέρατος
982 2345 1065 2417 ὄντες
1089 2352 1141 2409 τοῦ
1168 2347 1357 2424 ἐψιλωμένου
1378 2371 1434 2410 κυ-

245 2455 389 2519 κλοῦσθαι
420 2453 586 2531 μέλλουσιν
617 2455 712 2528 ἡμᾶς.
759 2446 831 2518 Non
861 2452 897 2517 fit
925 2453 1008 2535 mihi
1036 2452 1186 2517 credibile
1211 2453 1282 2533 ὑπέρ
1307 2454 1434 2534 κέρατος

244 2557 320 2627 εἶναι
353 2581 389 2624 eo
416 2581 477 2644 quo
501 2563 657 2625 sententia
678 2561 820 2645 postulet
843 2582 936 2624 sensu
965 2556 1092 2624 Graecis
1116 2561 1273 2624 usitatum
1297 2580 1363 2625 esse
1387 2561 1433 2626 di·

245 2687 322 2732 cere.
370 2666 491 2731 Verum
515 2687 581 2730 esse
604 2668 746 2750 suspicor
769 2666 1038 2747 ὑπεραεροέσανπας
1063 2667 1098 2730 τὸ
1123 2664 1324 2744 ἐψιλωμένον,
1349 2668 1435 2752 quod

243 2775 416 2857 interprete
439 2793 502 2837 non
525 2771 658 2859 indiget.

201 3011 206 3016 ·
290 2984 372 3071 Pag.
407 2981 484 3046 483.
517 2979 622 3046 έσωσεΙ
642 2986 696 3057 τὴν
721 2983 880 3060 Ῥωμαίων
904 2982 1033 3061 sperato
1057 2985 1099 3055 εἰς
1123 2982 1274 3064 προῦπτον
1299 3009 1436 3050 κατακε-
1497 3071 1500 3074 ‚

245 3088 421 3166 κλΘΙμέυνν
445 3088 575 3169 ὄλεθρον..
618 3089 718 3174 Saepe
741 3092 775 3153 in
798 3089 944 3175 Dionysii
967 3090 1059 3154 libris
1084 3126 1103 3138 -
1117 3090 1279 3166 κέκλενμαν
1299 3098 1331 3156 et
1351 3092 1433 3156 -κέ-

243 3205 359 3271 aelam
391 3195 512 3282 legitur
541 3217 597 3280 pro
629 3196 732 3261 forma
763 3199 892 3280 antiqua
916 3202 947 3260 et
969 3196 1068 3280 proba
1092 3198 1288 3277 -ae'mppaa
1334 3198 1434 3269 Nota-

241 3305 351 3368 vimus
375 3301 414 3365 ad
436 3301 683 3366 Demosthenem
707 3303 741 3364 in
765 3303 896 3367 Mtecett.
924 3302 994 3364 Oret.
1020 3322 1094 3389 pag.
1120 3301 1195 3367 452.

288 3512 369 3599 Pag.
401 3510 478 3576 487.
510 3507 563 3580 ἕως
599 3510 637 3574 ἂν
670 3512 747 3590 ’Ὑφ’
779 3511 877 3590 ἐαυτῷ
909 3513 1072 3585 ποιήσηται
1101 3512 1152 3576 ria
1175 3511 1279 3592 ἄνδρα.
1328 3514 1434 3580 001τὶ-

245 3619 386 3706 gendum
411 3623 459 3682 est
482 3616 556 3695 Ἐφ’
581 3618 691 3695 ἑαυτῷ.
729 3616 811 3696 Quia
834 3619 953 3682 scribae
977 3619 1094 3703 ubique
1115 3620 1173 3684 ὑπό
1193 3628 1225 3685 et
1245 3620 1297 3684 ε’πί
1313 3627 1435 3687 temere

244 3726 441 3790 confundunt
472 3724 549 3809 quid
579 3725 622 3786 sit
648 3744 760 3787 verum
786 3725 819 3786 ἐκ
844 3731 901 3786 τῶν
925 3724 1188 3804 συμφραζομένων
1213 3732 1260 3790 est
1283 3726 1434 3814 colligen-

245 3832 333 3895 dum.
382 3830 537 3894 Πονεῖσθαν
564 3831 617 3907 ὑφ’
642 3830 739 3909 ἑαυτῷ
765 3830 883 3894 dicitur
907 3830 945 3893 de
969 3831 1088 3895 ditione
1112 3837 1144 3895 et
1166 3834 1301 3916 imperio
1325 3833 1435 3897 stabili

244 3941 276 4000 ei
311 3936 478 4011 duraturo,
515 3939 553 3997 ui
589 3935 857 4014 καπαςρέφεσθαι,
896 3934 1075 4012 ὑπάγεσθαι
1112 3938 1263 4017 eubipere,
1296 3940 1431 4016 domare,

156 4032 157 4035 Ἴ
235 4044 413 4127 perdomare
442 4044 475 4104 et
506 4042 577 4104 sim.
610 4046 642 4105 et
672 4044 717 4105 sic
749 4041 867 4106 dieitur
897 4041 963 4117 περὶ
990 4049 1048 4105 τῶν
1076 4042 1228 4120 ὑπηκόων,
1254 4045 1292 4108 de
1315 4047 1357 4110 iis
1382 4047 1434 4130 qm‘

242 4150 364 4231 imperto
380 4153 507 4230 pareret,
526 4142 618 4224 εἶναι,
640 4148 784 4224 γενέσθαι
806 4148 865 4212 ὑπό
883 4173 951 4212 πινν.
989 4150 1064 4214 Ἐπί
1084 4175 1139 4214 πονο
1162 4147 1252 4227 εἶναι,
1273 4152 1432 4229 γενέσθαι,

245 4254 393 4318 πονεῖσθαι
427 4253 478 4333 ἐφ’
512 4253 608 4331 ἑαυτῷ
641 4260 749 4318 contra
772 4255 891 4318 dicitur
913 4255 951 4318 de
975 4276 1028 4332 eo,
1055 4260 1109 4340 qui
1133 4263 1260 4340 captus,
1287 4263 1342 4320 aut
1365 4279 1434 4341 pre-

242 4364 360 4427 hensus
389 4361 479 4425 venit
509 4361 544 4423 in
575 4359 709 4425 alicuius
739 4365 949 4445 potestatem,
984 4364 1038 4445 qui
1069 4363 1107 4428 de
1139 4384 1174 4427 eo
1198 4384 1254 4428 suo
1278 4364 1435 4429 arbitratu
