3076 5004
681 222 745 303 iat

164 424 244 516 Pag.
276 420 375 493 2120.
407 434 446 507 τῇ
472 425 574 508 πρύτρ
598 433 654 502 τῆς
678 425 779 508 ἀρχῆς
805 420 903 506 ύμέρρι
925 420 1019 495 θύσας
1045 419 1196 502 ΟΩτύρια
1219 414 1306 486 κασθι

122 535 172 601 τδν
195 533 295 612 νθμον.
343 531 388 597 Ut
412 531 489 597 θύειν
512 531 645 612 σατύρια
667 534 701 596 in
724 529 784 596 tali
804 550 838 595 re
862 533 909 595 eet
932 527 1123 604 absurdum,
1146 530 1194 592 ita
1220 530 1306 593 certa

122 645 153 705 et
182 640 312 707 evidens
344 645 392 705 eet
420 639 544 705 Reiakii
567 636 744 703 emendatio
767 633 861 707 θύσας
891 634 1072 715 ΕΙῦΙτύρια.
1119 632 1306 699 Demosthe-

122 766 175 812 nes
198 767 271 834 pag.
297 743 380 810 40οτ
405 747 421 822 οἱ
446 745 544 824 βουλὴ
568 743 715 823 εἰσιτύρια
738 739 841 821 ἔθυσε,
862 740 1053 817 σννειςιύθνρ,
1071 738 1204 805 σπονδῶν
1222 740 1306 820 ἱερῶν

123 853 327 926 ἐκοινώνησεν,
369 852 394 916 οἱ
435 851 601 932 ςρατνγού,
637 849 747 929 σχεδὸν
783 849 820 919 ὡς
856 849 952 913 εἰπεῖν
987 848 1021 912 αἱ
1055 845 1153 926 ἁρχαὶ
1190 849 1304 912 πίεσαι.

123 957 222 1044 Saepe
246 960 345 1023 etiam
366 957 504 1022 Romani
527 957 677 1022 dicuntur
698 955 741 1020 τοὶ
764 955 910 1034 εἰοιτύρια
928 952 1016 1018 θύειν.
1036 954 1102 1021 vid.
1123 953 1307 1018 Fabricium

124 1064 163 1130 ad
184 1062 320 1131 Dionem
344 1061 490 1131 Oaaeium
513 1062 661 1129 LXXIII.
688 1059 740 1127 13.
764 1082 837 1149 pag.
864 1058 960 1126 1236.

168 1273 249 1360 Pag.
285 1271 383 1338 2122.
422 1273 572 1338 -εἲπεῖν
605 1266 771 1337 ύτι-ούκ
803 1270 841 1336 θον
871 1270 1073 1353 ἀπολειφθείη
1103 1277 1156 1337 τοῦ
1191 1270 1308 1350 πατρδσ

125 1378 238 1459 τοσῷδε
268 1381 390 1457 μᾶλλον
422 1374 479 1460 dap
503 1404 541 1458 ys
574 1378 816 1455 ἀποθανούμενος
843 1386 995 1457 ΟΙχεται.
1050 1377 1146 1444 Pater
1167 1379 1308 1444 nondum

126 1489 192 1551 erat
223 1485 382 1571 proiectus
404 1505 505 1568 quum
527 1484 604 1550 haee
624 1489 809 1571 agerentur:
833 1485 943 1568 Itaque
966 1482 1207 1559 ἀποθανούμενος
1228 1488 1309 1554 ’'el’-

125 1616 220 1674 χεται
255 1613 367 1658 verum
401 1594 448 1656 est
479 1595 511 1656 et
539 1592 586 1655 ita
613 1588 787 1676 Dionysius
817 1592 1013 1676 optimorum
1049 1591 1195 1678 exemplo
1230 1594 1310 1660 solet

126 1699 238 1765 dicere.
269 1719 342 1786 pag.
369 1695 446 1763 407.
471 1695 538 1777 περὶ
562 1691 600 1760 ὧν
624 1692 757 1777 ἔρχομαι
780 1696 885 1778 λέξειν.
909 1716 983 1784 pag.
1011 1695 1086 1762 531.
1110 1694 1148 1770 ἃς
1176 1696 1308 1781 ἔρχομαι

125 1803 231 1880 λέξων.
264 1825 338 1892 pag.
372 1802 448 1868 220.
477 1802 519 1867 τοὶ
544 1802 574 1866 δὲ
598 1801 684 1866 κατθι
706 1803 761 1878 σὺν
784 1801 937 1866 κτύσιν-
951 1806 1002 1866 νῦν
1026 1799 1157 1881 ἔρχομαιΙ
1182 1806 1309 1893 (vitiose

126 1909 352 1992 σ111ο1ρχομαι)
370 1907 598 1986 διανοούμενος.
635 1907 832 1994 Antiphanes
850 1911 884 1972 In
902 1906 1030 1974 Stobaei
1047 1909 1155 1976 Floria.
1173 1911 1256 1978 LIII.
1277 1913 1308 1981 9.

305 2015 352 2088 τίς
377 2016 404 2080 δ’
428 2015 498 2095 origi
524 2016 645 2098 θανατρῖ
665 2013 864 2096 μισθοφόρος,
890 2011 1091 2094 donarem,

306 2117 337 2194 tr
360 2117 449 2186 ἕνεκα
473 2124 526 2185 τού
550 2120 603 2201 ζῆν
626 2117 729 2200 ἔρχετ’
753 2119 1012 2199 οὶποθανούμενοςς

124 2227 182 2292 nbi
205 2229 326 2311 θανατρῖ
350 2247 406 2312 pro
430 2224 561 2291 θανύτον
585 2225 664 2291 olim
687 2226 900 2291 restituimus.

170 2433 328 2502 Continuo
352 2439 495 2522 sequitur
515 2456 590 2523 pag.
614 2434 714 2501 2122.
735 2435 823 2501 ἄλλα
844 2437 982 2514 σννεξιθον
1000 2438 1233 2517 ε’παμννεῖΤΑΙ
1252 2441 1311 2510 ύσα

125 2543 253 2608 δύναται
285 2542 337 2608 καὶ
371 2549 427 2616 τῆς
458 2545 555 2617 αὐτῆς
580 2541 679 2623 ε’κεύνιρ
704 2541 836 2613 κοινωνὸς
861 2541 930 2610 ἔται
954 2542 1065 2625 τύχης.
1114 2545 1232 2614 Statim
1257 2553 1311 2618 ad.

123 2651 265 2715 monitus
295 2649 379 2714 mihi
409 2649 498 2714 dabie
529 2670 547 2713 a
577 2647 731 2736 Dionysio
766 2651 921 2734 seriptum
957 2670 1037 2715 esee:
1070 2652 1226 2730 ε’παμννεῖ
1252 2667 1310 2724 Te

126 2756 233 2819 -καὶ
265 2763 319 2829 τῆς
351 2756 447 2830 αὐτῆς
480 2755 579 2837 ἐκείνῳ
611 2754 743 2829 κοινωνὸς
769 2752 837 2823 ἔςαι
862 2755 974 2836 τύχοις.
1022 2756 1212 2837 Ἐπαμύνειν
1236 2765 1310 2833 inde

125 2863 165 2927 ab
194 2860 336 2927 Homero
366 2882 475 2927 omnes
505 2861 652 2928 dicebant
681 2882 738 2947 pro
769 2884 849 2944 opem
869 2863 979 2946 ferre,
1013 2863 1068 2927 sed
1099 2863 1310 2944 ε’ταμύνεσθαι

124 2966 206 3032 nihil
226 2972 283 3032 eat.
304 2987 379 3055 pag.
400 2966 499 3033 2010.
521 2967 621 3032 ἱκέται
633 2966 807 3047 γιγνόμεθα
821 2968 901 3044 ὑμῶν
916 3004 957 3017 -
972 2968 1016 3047 μδ
1029 2969 1171 3049 περιιδεῖν
1183 2974 1253 3050 ύμθο
1265 3013 1310 3028 -

126 3074 281 3145 παθόντας
305 3074 532 3151 ἧμας-αλλ’
557 3074 716 3152 ε’παμῦναύ
738 3099 774 3139 σε
798 3074 850 3138 καὶ
874 3084 1165 3153 σοναμοινακτιῑσαι.

170 3281 248 3370 Pag.
285 3279 384 3347 2123.
414 3282 583 3355 διπλασίως
615 3285 734 3367 [ἜΤΙ]
765 3283 1031 3366 ἘΠερριύσθνρσαν.
1079 3283 1191 3352 Viden’
1225 3291 1310 3357 unde

124 3391 272 3475 ineptum
293 3385 338 3453 ἔτι
363 3389 520 3476 originem
545 3386 692 3454 duxerit?

171 3599 250 3688 Pag.
276 3597 375 3664 2124.
400 3597 489 3674 νθμον
512 3597 666 3679 ἐκύρωσαν
686 3598 777 3666 ‘'INA
800 3609 872 3675 ταῖς
892 3602 1008 3683 οθρχαῖς
1030 3601 1081 3686 ἐξῇ
1103 3602 1221 3680 πύσαις
1241 3586 1311 3683 τοὺς

126 3710 339 3784 ἀκοσμοῦντας
359 3741 402 3753 -
421 3703 557 3786 ζημιοῦν.
617 3704 733 3772 Latina
765 3707 843 3774 haeo
877 3709 1003 3776 dicendi
1036 3709 1138 3776 forma
1172 3719 1220 3779 eat
1254 3736 1311 3801 pro

127 3810 262 3879 Graeea:
288 3811 377 3889 νθμον
399 3819 471 3885 ταῖς
496 3812 612 3893 ούρχαῖς
636 3810 794 3887 ἐξεῖναι
818 3813 949 3889 πύοαις.

171 4021 219 4087 De
249 4022 344 4085 οιαθθο
368 4044 503 4105 ονροονοιο
526 4043 622 4110 agene
645 4022 819 4111 DIonyeius
842 4044 917 4112 pag.
943 4024 1041 4091 2124.
1067 4027 1195 4096 scribit:
1219 4030 1311 4111 μέγι-

126 4151 177 4199 ςον
209 4125 429 4204 ἀποδείξαντες
459 4124 521 4209 ύρον
551 4127 664 4210 ζνρμθαρ
696 4128 747 4195 δύο
778 4130 857 4208 βθας
888 4130 1127 4211 redundatura
1150 4134 1310 4217 πρόβατα.

126 4235 211 4300 Fieri
237 4255 301 4299 non
328 4254 418 4320 posse
448 4236 583 4301 arbitror
611 4241 649 4301 ut
679 4235 853 4325 DIonyeiua
882 4239 915 4303 in
939 4259 973 4304 re
999 4240 1147 4306 omnibns
1169 4249 1244 4310 nota
1267 4247 1313 4312 sio

127 4341 287 4408 erraverit.
313 4338 472 4407 Existimo
488 4340 568 4422 βθοος
586 4346 618 4408 et
633 4339 899 4425 πρθβοοτοοΙοοιοιοι
910 4344 994 4410 inter
1005 4364 1038 4409 se
1050 4350 1176 4414 mutare
1189 4349 1311 4422 debere.
