3076 5004
803 248 844 328 11

274 440 312 518 In
334 452 429 516 tertio
451 450 521 517 loco
543 472 657 519 rerum
680 455 728 517 est
750 451 808 524 τοὶς
834 454 959 518 ‘Anne
982 450 1092 540 (ἁλὰς)
1113 450 1276 529 οὶξνούννονν
1297 450 1419 519 ἄστολον·

229 554 307 639 βεῖν.
353 557 474 623 Viden'·
493 578 589 643 quam
619 557 734 626 leviter
764 563 796 624 et
825 559 1028 645 impudenter
1062 559 1178 626 sciolus
1208 562 1313 627 nescio
1348 563 1420 647 quis

170 657 176 661 ”
230 664 335 737 πόλεις
360 664 517 730 addiderit
539 665 576 728 de
598 687 650 729 suo
672 664 706 729 id
730 670 778 730 est
801 667 838 729 de
861 665 984 729 aidila?
1100 750 1102 754 ι

273 770 311 836 In
330 776 441 856 quarto
459 770 528 836 loco
549 773 583 835 in
605 781 863 837 AIAKAIPOTC
884 770 969 846 οννοὶς
989 775 1092 839 iuerat
1111 774 1162 838 δνοὶ
1180 774 1298 856 corpedo
1312 798 1418 850 τινος,

229 882 266 944 ut
288 878 442 966 Dionysio
466 883 654 943 consuetum
679 884 726 944 111
751 879 872 958 dicere,
897 878 1001 946 veluti
1023 901 1096 967 pag.
1125 879 1420 960 103311111-

228 990 360 1066 ρκνῶσον
392 981 516 1050 dicacur
548 985 594 1070 (οοὶ
626 985 768 1071 ἐλπίδες)
800 985 850 1051 δνσὶ
882 985 1003 1068 κοονρούς
1034 1010 1138 1063 cccxc,
1172 993 1204 1053 et
1235 1008 1309 1074 pag.
1340 984 1417 1052 817.

229 1091 309 1165 utin
340 1092 365 1156 si
397 1091 440 1170 uis
470 1091 556 1156 κμσοὶ
588 1091 706 1173 κοοιρούο
737 1116 833 1165 τινος.
883 1092 946 1185 Qui
977 1091 1064 1158 aliud
1089 1112 1187 1180 agens
1210 1093 1247 1159 δι’
1271 1092 1415 1172 οξκοοίοονς

229 1197 315 1271 τννοές
339 1199 506 1282 scripserat
528 1218 643 1263 nomen
667 1199 774 1263 abesse
797 1202 886 1263 ratus
909 1199 1056 1281 οὶφορμοές
1082 1217 1138 1264 suo
1158 1198 1264 1264 Marte
1285 1198 1417 1264 addidit.

273 1303 311 1369 111
340 1305 450 1388 quinto
481 1302 550 1369 loco
581 1324 715 1368 manum
745 1303 892 1391 Dionysii
923 1315 951 1370 A
983 1316 1004 1368 Β
1037 1309 1203 1372 servarunt
1226 1305 1324 1370 hanc:
1351 1305 1420 1386 πρὶν

226 1410 442 1475 ’ἚΚΠΎΟΤΑ
468 1409 609 1487 γενέσθαι
637 1410 796 1487 ‘Ponatur
821 1412 864 1475 rot
884 1411 1103 1505 βονλεύμοοσοο.
1149 1409 1419 1481 Α1111111ἔκσνςοο

229 1519 263 1581 in
295 1512 403 1584 ἕκΛςοο
435 1536 496 1600 quo
526 1516 610 1581 iacto
640 1519 745 1583 nescio
778 1519 849 1602 quis
880 1516 960 1593 δῆλον
994 1538 1032 1582 ex
1055 1517 1219 1586 levissima
1241 1519 1420 1604 suspicione

231 1622 410 1688 addendum
436 1643 503 1688 esse
526 1624 673 1708 opinatus
696 1627 754 1688 est.

275 1728 312 1793 In
341 1727 459 1793 ultimo
491 1728 625 1814 denique
655 1728 724 1794 ioco
752 1730 882 1813 antiqua
905 1734 936 1796 11
960 1750 1035 1796 sana
1058 1732 1213 1817 scriptura
1234 1753 1273 1797 ex
1296 1731 1419 1797 duobus

230 1838 361 1921 optimis
393 1835 528 1900 testibus
558 1835 635 1900 haec
665 1835 802 1920 prodiit:
834 1838 859 1902 οἱ
888 1837 918 1902 δὲ
947 1838 1254 1917 dicamur—oddus
1277 1837 1417 1916 ἔλενΟΝ

226 1944 400 2010 ἈΞΙΟΤΝ
424 1940 495 2006 οὔτε
519 1940 620 2006 ἄδικον
643 1942 714 2006 οὔτε
738 1943 928 2024 ἀσύμφορον.
978 1939 1153 2030 Postquam
1177 1965 1341 2010 11111111
1364 1965 1420 2010 na-

122 2079 124 2084 ·
229 2054 300 2114 tum
333 2052 380 2114 est
412 2045 519 2126 ἔλεγον
554 2048 677 2126 οὶνοὲξοον
707 2050 828 2136 insigni
851 2052 1032 2116 temeritate
1054 2052 1160 2116 nescio
1183 2053 1255 2136 quis
1276 2049 1347 2131 apuu
1370 2051 1419 2115 in-

227 2157 394 2241 terposuit.
443 2153 566 2220 Similis
596 2157 672 2221 huic
702 2154 791 2220 locus
822 2159 869 2220 est
899 2176 973 2243 pag.
1008 2154 1106 2220 1168.
1128 2156 1181 2229 Γεἰς
1212 2154 1416 2235 ἕντοεννοεςέοοος

228 2261 469 2349 συγκαθήσουσιν
492 2259 622 2345 οοὶοέσεος
646 2260 728 2327 οὐδὲν
751 2261 906 2339 egrotasse
932 2262 1002 2328 οὔτε
1025 2267 1083 2328 σῶν
1106 2262 1241 2344 οοὶσχρῶν
1267 2261 1337 2328 οὔτε
1357 2268 1417 2326 τῶν

228 2368 397 2434 ἀδυνάτων.

272 2474 309 2540 In
341 2477 491 2541 omnibus
525 2474 576 2540 his
607 2473 703 2560 locis,
738 2478 776 2540 ut
809 2474 915 2553 vides,
951 2475 1038 2541 fraus
1072 2477 1241 2542 manifesta
1278 2478 1415 2541 tenetur.

225 2579 463 2647 Homunciones
485 2581 580 2646 nihili
602 2580 765 2647 levissime
787 2585 914 2646 textum
937 2583 1105 2667 antiquum
1129 2581 1414 2668 interpolaverunt.

225 2689 267 2754 Et
290 2690 350 2753 hae
373 2689 502 2773 quidem
526 2687 651 2752 fraudes
674 2691 801 2772 patent,
826 2687 880 2753 sed
903 2688 1005 2753 latent
1028 2688 1109 2754 aliae
1131 2688 1225 2774 plane
1248 2688 1300 2753 his
1328 2690 1417 2754 simi·

224 2795 289 2881 iss,
314 2795 369 2860 sed
393 2796 586 2879 quicumque
607 2792 739 2858 illorum
762 2814 904 2858 errorum
928 2814 1053 2859 mernor
1076 2797 1111 2858 in
1131 2793 1238 2860 locum
1258 2793 1416 2860 eiusdem-

225 2902 313 2966 modi
336 2901 450 2966 mendo
473 2901 625 2965 vitiatum
649 2900 797 2965 inciderit
819 2905 964 2985 paratam
986 2899 1117 2966 habebit
1141 2901 1412 2979 emendationem,

225 3013 262 3073 111
284 3008 367 3072 infra
389 3006 551 3073 nonnullis
575 3006 730 3093 exemplis
752 3009 966 3074 ostendemus.

272 3213 448 3285 Subiiciam
480 3239 564 3284 nunc
589 3218 674 3285 locos
697 3216 865 3284 nonnullos
888 3216 946 3281 ubi
968 3220 1061 3284 retus
1084 3217 1238 3283 mendum
1261 3236 1300 3285 ex
1324 3219 1415 3283 sirni-

225 3326 308 3393 lium
338 3325 481 3392 locorum
513 3325 678 3390 emendate
713 3326 903 3410 scriptorum
938 3326 1170 3408 comparatione
1204 3324 1412 3390 manifestum

225 3440 351 3499 tenetur
375 3436 407 3498 et
430 3436 514 3497 certa
537 3433 728 3497 correctione
751 3429 885 3495 tollitur.

564 3538 711 3603 Ἐννντίοο
733 3537 868 3603 σίθεσθοοο
894 3538 935 3601 τοὶ
958 3531 1053 3601 ὅπλον.

270 3648 385 3713 Editur
408 3646 492 3732 apud
515 3644 706 3731 Dionysium
729 3665 803 3731 pag.
829 3642 924 3710 1861.
952 3645 965 3708 1
989 3644 1045 3721 μὲν
1069 3637 1117 3707 οὖν
1138 3645 1276 3714 Ἄππιος
1298 3639 1348 3708 dut
1369 3643 1411 3708 τοὶ

225 3751 309 3820 ὅπλον
334 3761 441 3818 καλεῖν
464 3752 588 3829 ννώμνν
610 3750 705 3815 ἐδίδου
729 3750 799 3822 τοὺς
819 3749 1022 3829 βουλομένους
1044 3750 1189 3830 σώζεσθοον
1209 3750 1264 3824 σὺν
1285 3747 1413 3829 adspice

226 3861 400 3939 πολιτείαν,
433 3860 458 3924 si
483 3857 515 3921 δέ
537 3880 616 3927 τινες
640 3856 906 3932 ἕνοοντνονθῆσοντοον
930 3857 1020 3938 odiar
1044 3856 1143 3940 [πρὸς]
1169 3855 1211 3920 σοὶ
1235 3851 1321 3920 ὅπλον
1344 3855 1414 3921 τού-

225 3994 294 4041 τους
326 3968 355 4031 ἕν
387 3964 541 4041 πολεμίων
573 3963 721 4027 resciudat
752 3962 852 4047 μοίρᾳ.
901 3963 940 4027 In
970 3961 1125 4027 Urbiuate
1157 3958 1228 4041 πρός
1260 3981 1278 4025 a
1308 3963 1414 4046 prima

225 4096 323 4142 manu
356 4073 510 4138 omissum
542 4089 560 4133 a
591 4068 679 4132 futili
711 4074 882 4135 correctore
912 4071 1137 4154 interpositum
1160 4072 1224 4142 est,
1248 4088 1324 4132 nem
1343 4067 1414 4134 luce

226 4183 343 4248 clarius
368 4197 433 4243 esse
454 4177 603 4241 existimo
627 4175 704 4240 olim
729 4178 774 4242 sic
798 4180 953 4261 scriptum
977 4175 1091 4239 fuisso:
1117 4174 1142 4237 εἱ
1167 4172 1198 4237 δέ
1222 4196 1301 4245 τινες
1331 4175 1412 4239 ἕνον·
1479 4219 1481 4223 ·

226 4290 286 4353 rtA
319 4286 458 4360 θήσοντοο
491 4281 580 4358 σφίσι
605 4283 646 4347 rut
670 4277 764 4346 ὅπλον.
812 4280 937 4347 Sumsit
960 4281 1019 4345 hoc
1042 4279 1191 4364 loquendi
1214 4300 1315 4365 genus
1338 4280 1412 4347 Dio·

225 4394 336 4489 nysius
360 4390 398 4457 ab
421 4387 583 4455 Herodoto
607 4393 639 4456 ct
661 4389 893 4469 Demosthene,
919 4407 1055 4476 quorum
1077 4386 1133 4452 ille
1154 4385 1278 4452 dixerat
1297 4386 1334 4453 V.
1357 4385 1411 4456 74.
